2834 4964
675 258 723 343 36

105 462 220 540 ἱππεὺς
261 461 313 532 διὰ
352 463 501 557 χαλινοῦ,
541 459 560 531 i.
598 485 628 532 e.
665 484 787 532 mores
822 458 972 532 alicuius
1008 474 1165 533 movent
1197 461 1307 534 alium

104 589 288 674 oratione,
324 588 417 661 sicut
443 613 560 684 eques
590 588 693 661 freno
721 587 816 683 regit
843 613 988 684 equum.
1043 589 1082 660 In
1114 589 1311 664 codicibus

104 721 202 799 ίππος
241 718 394 813 legitur,
435 743 546 814 quam
588 718 801 803 lectionem,
842 743 865 790 a
907 717 1037 791 Grotio
1072 734 1310 808 correctam,

102 848 227 921 iniuria
268 850 469 921 Dfibnerus
510 848 666 921 retinuit.
722 850 820 920 Nam
862 873 944 920 cum
985 849 1172 922 sententia
1216 852 1309 925 hanc

105 979 370 1052 correctionem
397 980 579 1073 postulat,
607 995 683 1050 tum
711 978 918 1052 emendatio
947 981 1195 1052 confirmatur
1224 1006 1307 1078 pag.

106 1115 175 1182 801
209 1109 268 1196 C,
296 1109 358 1182 ubi
383 1109 418 1181 in
446 1111 577 1182 eadem
607 1107 882 1203 comparatione
912 1110 1028 1187 ἱππεὺς
1056 1122 1114 1181 est
1142 1109 1180 1193 in
1214 1111 1308 1183 codi-

105 1239 217 1312 cibus,
277 1238 349 1331 Qui
389 1240 492 1312 locus
533 1254 657 1312 autem
698 1238 768 1310 alio
810 1237 895 1310 vitio
934 1238 1091 1310 laborat.
1158 1239 1308 1313 Excidit

104 1370 197 1443 enim
226 1384 263 1442 et
290 1371 477 1441 turbatum
504 1389 561 1442 est
589 1368 732 1465 aliquid.
787 1369 998 1464 Madvigius
1026 1370 1193 1444 Advers.
1226 1373 1310 1446 crit

104 1525 192 1595 pag.
235 1505 309 1572 660
349 1525 417 1594 pro
459 1501 543 1572 οὕτω
584 1502 677 1572 πόλιν
713 1499 840 1572 πείθειν
877 1502 913 1572 οὐ
949 1503 1037 1598 λόχῳ
1074 1503 1164 1573 ἀλλὰ
1194 1506 1307 1602 τρόπῳ

105 1632 281 1728 χρωμένην
306 1632 418 1728 ὥσπερ
438 1633 520 1701 οίακι
540 1630 593 1700 καί
611 1631 736 1727 χαλινῷ
754 1631 814 1725 τὴν
831 1629 999 1725 πολιτικὴν
1018 1630 1141 1727 ἀρετὴν
1164 1659 1197 1702 κ.
1224 1658 1253 1704 τ.
1267 1633 1307 1726 λ,

104 1758 207 1853 quod
227 1772 284 1830 est
304 1757 339 1829 in
363 1757 572 1843 codicibuS‚
590 1758 791 1851 legendum
811 1769 935 1852 putat:
955 1755 1040 1828 οὕτω
1058 1758 1154 1828 πόλιν
1174 1758 1307 1831 πείθειν

105 1891 142 1959 οὐ
169 1890 263 1984 λόχον
291 1890 366 1960 οὐδὲ
392 1890 510 1987 τρόπον
538 1889 624 1960 ἀλλὰ
650 1888 738 1985 λόχῳ
765 1889 818 1959 καί
844 1888 956 1983 τρόπῳ
985 1887 1163 1982 χρωμένην
1191 1889 1306 1986 ὥσπερ
1348 1880 1350 1927 ⁷

105 2020 188 2088 οἴακι
223 2018 275 2088 καί
311 2019 436 2115 χαλινῷ
468 2019 528 2114 τὴν
554 2018 723 2112 πολιτικὴν
751 2017 881 2114 ἀρετήν.
935 2013 1041 2104 Quae
1069 2015 1306 2101 emendatiO,

104 2170 192 2240 pag.
230 2168 276 2236 33
316 2145 354 2216 F.
391 2144 544 2229 collata,
582 2144 779 2216 admodum
808 2141 1008 2237 probabilis
1035 2167 1117 2215 esse
1146 2143 1306 2218 videtur.

156 2284 195 2355 In
223 2283 298 2356 vita
326 2282 433 2355 Arati
460 2307 490 2354 c.
521 2288 568 2372 38
597 2306 685 2376 pag.
720 2302 813 2374 1045
844 2281 883 2352 B.
912 2280 1053 2354 Aratus
1072 2306 1158 2354 cum
1179 2284 1306 2380 equite

105 2427 359 2508 comparatur,
387 2412 449 2508 qui
465 2412 644 2507 populum
663 2411 919 2494 Achaeorum,
941 2424 1129 2506 tamquam
1150 2437 1307 2509 equum,

105 2569 176 2615 non
206 2543 306 2638 prius
334 2541 566 2627 conscendit,
595 2566 706 2637 quam
734 2540 827 2613 datis
854 2539 1045 2613 obsidibus
1060 2554 1097 2613 et
1115 2543 1306 2636 praesidio

104 2672 290 2767 imposit0‚
328 2686 516 2767 tamquam
553 2672 693 2743 frenum
721 2670 814 2743 ferre
843 2671 1041 2745 didicisset:
1070 2675 1107 2743 οὐ
1135 2674 1201 2773 χὰρ
1232 2676 1307 2773 πρέ

104 2829 196 2900 τερον
224 2803 331 2902 ἐπέβη
360 2812 425 2902 τοῖς
454 2799 599 2899 Ἀχαίοις
623 2804 646 2898 ἢ
666 2810 709 2898 τῇ
728 2809 855 2900 φρουρᾷ
873 2803 925 2873 καί
943 2811 1008 2881 τοῖς
1028 2801 1166 2898 ὁμήροις
1189 2805 1306 2902 ὥσπερ

104 2933 355 3027 χαλινουμένους
383 2930 600 3027 ἀνασχέσθαι.

158 3055 494 3155 Ἀπυσείεσθαι7
535 3058 682 3153 proprie
716 3057 928 3152 significans
955 3060 1105 3129 abiicere
1131 3065 1308 3151 equitem,

104 3211 190 3282 pag.
225 3211 297 3277 324
327 3188 368 3258 E.
397 3202 595 3283 usurpatur
624 3189 670 3260 de
698 3187 922 3282 superbienti
949 3187 1089 3282 populo
1110 3186 1306 3263 Camillum

104 3317 317 3413 expellenti:
359 3324 376 3389 ὁ
417 3320 521 3415 δῆμος
562 3320 755 3416 ὑψαυχενῶν
796 3320 995 3389 ἀπεσείσατο
1031 3321 1084 3389 τὸν
1112 3314 1306 3414 Κάμιλλον.

106 3447 158 3520 cf.
185 3447 219 3519 in
249 3446 324 3519 vita
351 3446 458 3518 Arati
486 3472 516 3518 c.
545 3470 594 3537 49
624 3471 712 3542 pag.
749 3468 845 3539 1050
872 3446 918 3518 A.

157 3578 370 3649 Admodum
411 3576 582 3672 frequens
620 3593 676 3649 est
710 3576 770 3648 illa
805 3575 932 3672 populi
961 3575 1192 3670 comparatio
1224 3604 1308 3652 cum

105 3733 202 3804 equo
230 3706 454 3779 intractabili.
499 3706 560 3779 Sic
589 3732 676 3801 pag.
699 3714 772 3780 800
792 3707 829 3780 C.
848 3706 1023 3800 legimus,
1047 3731 1119 3778 non
1142 3708 1312 3782 cuiusvis

105 3863 187 3911 esse
228 3836 444 3909 multitudini
483 3839 645 3909 salutare
692 3836 832 3908 frenum
868 3836 1012 3908 iniicere
1051 3850 1088 3908 et
1124 3863 1196 3911 nos
1235 3839 1307 3912 iam

107 3982 302 4041 contentos
339 3992 419 4039 esse
456 3969 615 4053 debere,
652 3967 696 4053 si,
733 3981 773 4039 ut
808 3981 865 4039 est
891 3968 1014 4039 bellua
1042 3966 1243 4061 suspitiosa
1271 3983 1308 4043 et

105 4098 333 4183 inconstans,
371 4098 469 4169 nullo
506 4096 585 4170 visu
621 4097 795 4170 audituve
832 4111 1088 4182 consternata,
1117 4115 1306 4173 rectorem
1348 4070 1350 4079 Ι

109 4227 294 4300 admittat:
328 4223 399 4300 ἀλλ’
427 4230 596 4324 ἀγαπητὸν
617 4232 644 4298 εἰ
664 4223 739 4324 μήτ’
758 4229 830 4326 ὄψει
850 4230 934 4324 μήτε
953 4236 1050 4325 φωνῇ
1082 4230 1306 4327 πτυρόμενος,

112 4358 224 4454 ὥσπερ
251 4357 367 4456 θηρίον
395 4355 537 4427 ὕποπτον
565 4357 617 4426 καί
643 4358 807 4450 ποικίλον,
835 4358 998 4453 ἐνδέχοιτο
1016 4359 1076 4453 τὴν
1097 4360 1303 4432 ἐπιστασίαν.
