2834 4964
684 239 725 308 17

92 418 181 498 'non
209 426 367 497 audeam
395 450 453 497 me
480 425 633 520 primum
660 424 695 497 in
723 450 805 498 eam
832 424 1030 499 incidisse.''
1080 429 1148 501 Est
1175 442 1298 501 autem

106 560 203 629 κίσσα
233 555 480 653 gravidarum
517 557 715 627 mulierum
742 560 911 651 appetitio
937 559 1187 654 singularium
1214 563 1300 632 cibo-

106 713 213 771 rum,
249 685 333 757 inde
370 684 510 780 tropice
547 710 616 780 pro
643 685 774 781 quovis
802 685 982 759 desiderio
1010 703 1217 782 usurpatur.
1247 689 1299 762 Cf.

107 842 196 912 pag.
227 822 295 888 801
329 815 376 886 A.
404 825 568 918 κιττῶσαι.

161 957 252 1049 Pag.
296 975 367 1046 524
397 954 444 1024 A.
471 952 606 1024 inutilia
633 966 745 1048 atque
773 977 1053 1048 supervacanea
1081 971 1301 1052 appetentes

108 1112 155 1158 ne
184 1083 391 1157 necessaria
418 1082 566 1178 quidem
593 1081 749 1154 retinere
769 1081 872 1169 dicit,
892 1108 1113 1179 comparans
1132 1111 1198 1159 eos
1218 1112 1300 1158 cum

107 1214 313 1289 hominibus
348 1212 508 1309 gulosiS,
544 1211 625 1308 qui,
657 1226 742 1306 post
769 1212 985 1286 exstinctam
1013 1214 1104 1287 sitim
1132 1216 1301 1290 bibentes

108 1361 147 1418 et
182 1346 336 1417 edentes
372 1357 457 1438 post
489 1342 672 1415 sublatam
699 1342 850 1429 famem,
879 1349 952 1416 una
980 1360 1177 1432 evomunt,
1204 1372 1301 1442 quae

109 1475 311 1548 esurientes
334 1487 372 1545 et
393 1472 555 1546 sitientes
572 1472 821 1568 ingesserant:
850 1475 963 1572 ὥσπερ
991 1481 1020 1546 οἱ
1046 1478 1190 1556 πίνοντες
1219 1455 1326 1572 μετα

108 1610 145 1677 τδ
174 1609 221 1702 μὴ
250 1606 346 1702 διψῆν
372 1606 395 1700 ἢ
424 1601 588 1682 ἐσθίοντες
616 1603 700 1698 μετὰ
725 1607 762 1674 τδ
790 1604 837 1699 μὴ
861 1578 975 1698 πεινῆν
994 1605 1047 1674 καλ
1066 1604 1127 1675 ὅσα
1145 1606 1302 1702 διψῶντες

109 1737 133 1830 ἢ
167 1743 341 1812 πεινῶντες
387 1732 507 1831 ἔλαβον
543 1733 814 1829 προςεξεμοῦσιν,
848 1729 950 1810 οὕτως
978 1721 1008 1802 οί
1033 1741 1098 1803 τῶν
1126 1735 1302 1832 ἀχρήστων

53 1922 58 1930 .
110 1866 276 1959 ἐφιέμενοι
303 1863 356 1932 καὶ
382 1869 541 1958 περιττῶν
569 1860 644 1931 οὐδὲ
671 1869 736 1930 τῶν
763 1861 945 1955 ἀναγκαίων
973 1862 1152 1957 κρατοῦσιν.

164 1992 255 2084 Pag.
286 2010 330 2082 55
360 1991 405 2060 A.
433 1987 663 2061 adulatorem
692 2012 775 2059 cum
800 2011 922 2082 coquo
947 2003 1154 2082 comparat:
1182 1999 1238 2062 τοῦ
1266 1994 1302 2064 δὲ

109 2123 246 2199 κόλακος
268 2114 352 2191 τοῦτ’
379 2122 472 2217 ἔργον
500 2119 568 2189 ἐστί
595 2118 647 2189 καλ
674 2119 784 2212 τέλος,
812 2119 865 2188 ἀεί
890 2144 960 2188 τινα
978 2119 1110 2189 παιδιὰν
1136 2123 1159 2215 ἢ
1187 2123 1303 2218 πρᾶξιν

109 2253 133 2345 ἢ
169 2250 263 2344 λόγον
299 2248 351 2344 ἐφ’
387 2249 493 2345 ἡδονῇ
527 2248 579 2318 καλ
615 2249 695 2344 πρδς
723 2246 816 2343 χάριν
844 2244 908 2342 (ita
937 2270 1020 2317 cum
1048 2247 1302 2320 Herwerdeno

109 2377 145 2448 in
190 2378 368 2449 Mnemos.
423 2381 518 2466 1890
563 2398 651 2468 pag.
700 2379 773 2463 369
821 2373 1043 2469 corrigenda
1088 2401 1170 2450 esse
1211 2392 1302 2473 puto

110 2507 296 2580 vocabula
331 2511 412 2605 πρδς
447 2506 580 2603 ἡδονήν.
623 2503 675 2576 Cf.
716 2526 759 2597 55
799 2506 865 2590 D.,
901 2527 944 2597 55
976 2504 1030 2602 Ε.)
1059 2510 1224 2605 ὀψοποιεῖν
1251 2512 1304 2581 καλ
1348 2595 1352 2606 Ι
1410 2567 1413 2573 ,

110 2637 307 2736 καρυκεύειν.

163 2765 317 2863 Τρυφή,
356 2765 470 2847 cibus,
497 2787 608 2835 sensu
635 2763 813 2836 translato
843 2763 1001 2836 occurrit
1028 2768 1138 2859 *pag
1174 2789 1214 2836 12
1246 2767 1303 2850 F.‚

111 2893 173 2966 ubi
208 2893 295 2966 dicit
330 2893 532 2965 orationem
569 2917 650 2965 esse
688 2893 808 2965 cibum
836 2893 960 2966 animi:
989 2900 1005 2966 ὁ
1035 2896 1094 2989 μὲν
1122 2896 1182 2994 γὰρ
1210 2898 1304 2992 λόγος

111 3027 217 3122 τροφὴ
247 3026 388 3103 διανοίας
416 3026 512 3094 ἐστίν.

160 3149 352 3251 Ἂρτυμα,
392 3153 673 3235 condimentum,
711 3150 959 3246 metaphorice
979 3151 1131 3233 dictum
1159 3153 1306 3247 ponitur

113 3285 222 3376 *pag
261 3306 283 3371 9
313 3280 371 3364 (λ,
402 3281 464 3353 ubi
492 3281 637 3377 requies
664 3281 800 3354 laboris
829 3281 1102 3354 condimentum
1130 3296 1304 3355 vocatur:

113 3416 136 3508 ἡ
165 3412 345 3491 ἀνάπαυσις
372 3421 437 3482 τῶν
464 3413 572 3482 πόνων
600 3413 685 3482 ἐστὶν
712 3413 850 3510 ἄρτυμα.

167 3539 337 3634 Denique
377 3540 449 3611 huc
491 3539 671 3611 referendi
708 3552 792 3611 sunt
828 3539 918 3624 loci,
955 3538 1016 3610 ubi
1053 3541 1305 3637 ἡδύσματα,

113 3670 353 3754 condimento,
390 3669 638 3764 metaphorice
675 3669 836 3741 adhibita
863 3669 1101 3764 reperiuntur.
1130 3669 1189 3742 Sic
1217 3695 1304 3764 pag.

120 3805 189 3871 126
214 3801 260 3870 D.
285 3798 477 3872 sanitatem
496 3799 768 3872 condimentum
783 3799 938 3871 maxime
953 3799 1112 3871 divinum
1132 3814 1170 3872 et
1182 3800 1305 3872 iucun-

114 3929 297 4002 dissimum
337 3943 468 4002 vocat:
511 3929 734 4028 ἀληθέστερον
771 3931 799 4000 δ’
818 3931 856 4000 ἄν
891 3957 937 4009 τις
974 3933 1059 4000 είποι
1093 3932 1153 4025 τὴν
1185 3933 1306 4025 ὑγίειαν

113 4060 247 4158 ἥδυσμα
287 4059 455 4132 θειότατον
495 4063 575 4131 εἶναι
615 4061 668 4130 καὶ
708 4061 979 4156 προςηνέστατον.
1034 4059 1125 4151 Pag.
1166 4063 1237 4148 769
1266 4058 1304 4131 C.

114 4188 245 4261 dicitur
292 4188 414 4284 poesis
462 4187 619 4261 sermoni
668 4188 854 4273 moduloS‚
896 4211 1102 4272 mensuras,
1143 4189 1307 4283 rythmos

111 4321 399 4392 accommodare
439 4333 626 4414 tamquam
668 4317 919 4389 condimenta:
961 4325 1008 4414 τῷ
1046 4318 1135 4415 λόγῳ
1175 4322 1307 4416 ποίησις

1195 4445 1212 4495 κ
