2834 4964
676 212 722 279 26

103 418 145 488 τὰ
185 416 282 515 μικρὰ
312 416 468 515 παιδάρια
495 416 561 486 ἀπδ
587 415 719 485 πολλῶν
745 416 900 508 παιγνίων
928 414 966 483 ἀν
994 412 1027 483 έν
1054 438 1101 490 τις
1130 413 1315 508 ἀφέληταί

103 573 152 640 τι,
179 547 232 617 καλ
257 545 299 616 τὰ
324 544 423 616 λοιπὰ
449 544 555 614 πάντα
582 543 802 640 προρρίψαντα
826 539 889 638 (sic
909 539 1003 611 enim
1023 564 1106 611 cum
1126 539 1313 612 Herwer·

103 675 201 745 deno
236 672 437 767 legendum
474 695 555 743 esse
591 682 682 764 puto
718 694 786 764 pro
823 668 990 743 codicum
1017 667 1178 741 lectione
1203 697 1312 767 προσ-

105 805 240 900 ρίφαντα
272 800 315 873 cf.
352 802 486 873 Mnem.
531 807 621 891 1891
655 824 743 895 pag.
775 805 866 883 286,
896 825 928 871 v.
958 801 1083 872 Herw.
1111 798 1310 870 Plutarch.

104 957 191 1027 pag.
240 930 298 1025 17)
339 933 442 1002 κλαίει
482 932 535 1002 καλ
576 931 657 1030 βοᾷ,
689 933 742 1002 τδν
775 932 870 1002 αύτδν
897 931 1014 1027 τρόπον
1041 933 1131 1026 ἡμᾶς
1160 929 1245 1026 περὶ
1275 929 1309 998 ἓν

103 1060 308 1159 ὀχληθέντας
349 1063 410 1132 ύπδ
437 1068 496 1157 τῆς
527 1059 651 1156 τύχης,
680 1060 733 1130 καλ
758 1059 863 1130 τάλλα
890 1058 996 1129 πάντα
1023 1064 1126 1128 ποιεῖν
1155 1057 1309 1152 ἀνόνητα

103 1193 228 1269 ἑαυτοῖς
256 1189 551 1288 δδυρομένουςκαλ
579 1189 830 1285 δυσφοροῦντας.

155 1328 247 1421 Pag.
289 1331 365 1398 600
406 1326 447 1396 E.
488 1323 593 1407 dicit,
631 1323 693 1396 ubi
728 1323 761 1395 in
799 1323 878 1418 ipsa
916 1348 955 1395 re
992 1321 1075 1393 nihil
1112 1320 1157 1394 sit
1194 1319 1308 1407 mali,

102 1456 169 1528 sed
205 1455 320 1528 omnis
355 1457 462 1528 dolor
496 1453 611 1527 inanis
647 1453 825 1549 opinionis
861 1478 985 1526 errore
1023 1454 1208 1525 confictus
1238 1449 1306 1538 sit,

102 1583 250 1657 rationis
278 1584 409 1657 lumine
437 1584 588 1680 propius
611 1586 781 1669 admot0,
801 1583 907 1656 nobis
926 1584 1179 1677 detegendum
1199 1606 1305 1667 esse,

103 1713 279 1810 quidquid
319 1714 506 1800 vitiosum,
548 1740 681 1788 vanum
725 1729 762 1787 et
802 1713 944 1808 tragice
984 1712 1148 1784 inflatum
1190 1711 1306 1784 nobis

102 1843 285 1927 obiicitur,
315 1844 408 1917 sicut
435 1845 559 1921 larvas
586 1844 708 1940 pueris
736 1843 981 1917 metuentibus
1009 1841 1179 1938 proprius
1198 1841 1305 1914 adhi-

102 1976 233 2048 bemus
268 1989 445 2062 retectas‚
482 1974 591 2069 inque
629 2000 758 2048 manus
790 1974 984 2060 tradimus,
1012 1988 1053 2046 ut
1080 1984 1306 2045 assuescant

103 2129 167 2177 eas
212 2120 466 2178 contemnere:
513 2113 559 2179 ὧν
605 2106 656 2203 δ’·ίγ
703 2105 797 2202 φύσις
843 2106 935 2176 οὐδέν
977 2107 1047 2202 ἔχει
1086 2107 1184 2174 κακδν
1228 2103 1304 2174 ἀλλ’

104 2237 178 2307 όλον
209 2239 261 2308 καλ
288 2244 352 2308 πᾶν
378 2241 415 2308 τδ
442 2238 564 2307 λυποῦν
592 2239 627 2306 ἐκ
654 2243 750 2332 κενῆς
778 2236 875 2331 δόξης
903 2235 1166 2327 ἀναπέπλασται,
1194 2239 1303 2303 ταῦτα

103 2366 170 2460 δεῖ,
207 2364 358 2463 καθάπερ
395 2372 460 2443 τοῖς
489 2365 646 2434 δεδοικόσι
673 2363 713 2434 τά
739 2371 929 2461 προςωπεῖα
955 2364 1094 2440 παιδίοις
1123 2361 1219 2456 ἐγγὺς
1249 2362 1303 2432 καλ

104 2496 166 2564 ύπδ
203 2467 298 2592 χεῖρα
325 2500 492 2571 ποιοῦντες
519 2494 572 2564 κοιλ
600 2494 855 2589 ἀναστρέφοντες
883 2491 1036 2586 ἐθίζομεν
1063 2499 1301 2588 καταφρονεῖν,

103 2619 205 2700 οὕτως
245 2623 339 2717 ἔγγυς
380 2623 581 2714 ἁπτομένους
620 2622 673 2692 καί
713 2621 953 2718 συνερείδοντας
988 2623 1042 2690 τδν
1078 2599 1234 2714 λογισμδν
1263 2621 1300 2690 τδ

104 2748 225 2847 σαθρόν
252 2750 305 2820 καὶ
331 2751 367 2819 τδ
393 2752 482 2820 κενδν
509 2751 561 2820 καλ
587 2751 879 2847 τετραγῳδημένον
907 2748 1156 2820 ἀποκαλύπτειν.

155 2878 289 2975 Γυνή,
317 2879 461 2949 mulier.
510 2880 601 2973 Pag.
631 2884 704 2968 348
734 2879 772 2949 F.
792 2876 1126 2972 tragoediam'cum
1146 2875 1299 2948 muliere

103 3021 317 3102 sumptuosa
333 3023 541 3103 comparat,
557 3033 667 3102 quam
688 3008 936 3094 Nicostratus
952 3006 1155 3090 Meniscus‚
1171 3006 1297 3088 Polus,

103 3136 236 3232 aliique
272 3137 463 3211 histriones
491 3152 640 3211 comant
667 3152 780 3234 atque
808 3152 958 3233 gestent
984 3137 1018 3209 in
1045 3134 1194 3209 lectica:
1223 3164 1300 3235 τρα-

103 3270 183 3364 γικολ
219 3264 355 3349 δἀύτοῖς
391 3270 558 3367 ὑποκριταί
590 3270 643 3340 καί
670 3267 882 3366 Νικόστρατοι
909 3271 961 3339 καλ
988 3265 1215 3339 Καλλιππίδαι
1244 3268 1299 3337 καλ

102 3393 263 3494 Μηνίσκοι
290 3399 343 3469 καὶ
371 3395 533 3495 Θεόδωροι
560 3398 613 3468 καί
640 3395 753 3468 Πῦλοι
782 3399 980 3491 συνίτωσαν,
1009 3398 1122 3492 ὥσπερ
1149 3397 1299 3489 γυναικδς

102 3526 299 3605 πολυτελοῦς
326 3534 385 3623 τῆς
413 3527 595 3623 τραγῳδίας
623 3527 793 3619 κομμωταὶ
820 3527 872 3596 καί
899 3526 1098 3623 διφροφόροι.

155 3654 246 3748 Pag.
284 3659 355 3744 693
391 3654 437 3725 D.
465 3652 607 3740 vinum,
635 3653 717 3725 aloe
746 3667 810 3725 aut
837 3653 1067 3725 cinnamomo
1095 3651 1155 3724 vel
1183 3675 1300 3724 croco

101 3782 293 3870 infectum,
331 3797 523 3878 comparat
560 3808 641 3855 cum
678 3783 825 3856 muliere
854 3799 994 3856 comta:
1023 3787 1136 3855 οῦκοῦν
1162 3784 1216 3853 καλ
1243 3786 1300 3854 τδν

105 3917 184 3985 οἶνον
225 3920 255 3985 οί
295 3914 354 4008 μὲν
390 3914 503 3992 ἀλόαις
538 3916 751 4011 χρωτίζοντες
786 3919 809 4011 ἢ
847 3917 1065 4009 κινναμώμοις
1092 3913 1145 3984 καλ
1171 3913 1299 4009 κρόκοις

71 4095 74 4099 ·
104 4042 339 4140 ἐφηδύνοντες,
378 4043 490 4138 ὥσπερ
526 4049 659 4137 γυναῖκα
695 4043 954 4123 καλλωπίζουσιν
991 4046 1036 4121 είς
1063 4042 1102 4111 τὰ
1130 4042 1300 4134 συμπόσια

104 4171 156 4240 καλ
182 4170 476 4268 προαγωγεύουσιν.

157 4297 220 4369 Ad
229 4324 345 4369 servos
354 4297 537 4393 pertinent
551 4299 803 4393 metaphorae,
823 4323 910 4394 pag.
930 4305 979 4389 46
996 4299 1048 4385 Ε.,
1063 4298 1125 4371 ubi
1139 4298 1300 4393 legimus
