2834 4964
662 234 667 244 '
686 223 708 289 4

103 407 283 481 adhibitas
319 405 524 480 offenderis.
578 405 812 501 Inspiciamus
848 406 1005 502 exempli
1038 408 1166 502 gratia
1198 411 1310 483 orati-

103 564 210 612 onem
247 535 505 610 Demosthenis
541 535 775 631 Philippicam
813 535 974 623 tertiam,
1007 563 1104 632 quae
1131 538 1172 610 in
1203 540 1307 613 editi·

103 667 233 741 onibus
268 666 425 762 paginas
460 667 547 739 XXI
584 665 818 765 (ΠΟ-131)
850 665 984 760 implet.
1038 668 1106 740 Est
1132 693 1234 742 sane
1265 696 1308 743 ea

102 796 217 870 oratio
244 795 388 891 gravis,
416 795 570 868 maxime
597 795 732 867 idonea
759 796 808 866 ad
838 794 1024 869 auditores
1057 821 1304 872 commoven-

103 928 188 1012 dos,
229 941 267 997 at
306 950 372 998 sex
411 926 666 998 tantummodo
696 924 996 1019 comparationes
1027 925 1062 997 in
1090 951 1137 998 ea
1169 953 1307 1002 occur-

104 1069 197 1129 runt.
252 1056 399 1150 Nempe
434 1056 453 1153 ξ
496 1076 536 1146 17
566 1054 769 1149 Philippum
798 1068 990 1149 comparat
1022 1080 1105 1127 cum
1133 1057 1310 1148 homine,

102 1185 164 1282 qui
203 1185 388 1258 machinas
427 1198 536 1280 parat
567 1184 736 1270 bellicas,
764 1185 926 1256 nondum
954 1211 1044 1258 vero
1071 1188 1122 1257 ad
1151 1190 1305 1262 moenia

104 1315 271 1400 adducit;
311 1315 330 1413 ξ
372 1339 418 1405 29
458 1314 677 1410 periculum,
718 1316 820 1410 quod
859 1339 881 1386 a
919 1315 1085 1411 Philippo
1122 1317 1308 1406 minatur,

104 1469 187 1518 cum
235 1444 448 1517 accessione
506 1444 649 1517 confert
697 1444 925 1539 pestilentiae
978 1445 1087 1518 etiam
1127 1446 1163 1518 in
1207 1448 1308 1537 illos,

104 1573 165 1670 qui
204 1573 271 1646 sibi
309 1576 358 1646 ad
394 1588 539 1670 tempus
567 1600 590 1647 a
617 1575 781 1670 periculo
808 1576 922 1670 longe
950 1578 1082 1648 abesse
1110 1575 1308 1667 videntur,

103 1703 326 1788 invadentis;
366 1706 385 1803 ξ
427 1728 476 1795 3ο
512 1703 715 1799 Philippum
756 1729 796 1778 se
827 1729 961 1799 gerere
997 1704 1083 1778 dicit
1109 1719 1306 1803 tamquam

105 1859 250 1907 servum
290 1847 355 1906 aut
395 1833 504 1906 filium
544 1833 792 1920 subditicium,
833 1834 894 1930 qui
921 1859 983 1925 ea,
1013 1859 1110 1930 quae
1138 1835 1228 1909 nihil
1257 1841 1307 1923 ad

105 1963 222 2059 ipsum
262 1963 457 2050 attineant,
498 1966 632 2059 perdat
671 1977 784 2060 atque
824 1978 965 2048 vastat;
1002 1965 1020 2063 ξ
1050 1988 1094 2054 33
1127 1963 1306 2041 Graecos

105 2093 190 2166 dicit
215 2093 367 2189 Philippi
392 2093 536 2168 iniurias
563 2093 676 2179 ferre,
704 2119 779 2190 quo
808 2095 920 2166 modo
943 2093 1182 2188 grandinem,
1200 2099 1263 2169 cal
1289 2144 1302 2154 -

107 2224 266 2296 mitatem
303 2238 434 2296 natura
469 2224 623 2310 illatam,
660 2248 770 2319 quam
806 2223 1001 2325 prohibere
1034 2248 1107 2295 non
1135 2225 1303 2319 possint;

107 2353 125 2450 ᾗ
163 2378 210 2444 39
247 2354 388 2449 patriae
424 2378 586 2426 amorem
623 2353 709 2425 dicit
736 2367 923 2448 tamquam
955 2352 989 2424 in
1018 2352 1098 2425 foro
1126 2357 1303 2429 venalem

107 2508 206 2567 esse;
243 2484 261 2582 ξ
298 2490 346 2574 69
375 2483 474 2556 cives
501 2484 735 2569 adhortatur,
763 2497 803 2555 ut
830 2483 983 2578 patriam
1011 2497 1178 2570 servent,
1209 2488 1301 2560 dum

107 2613 150 2685 sit
185 2613 390 2699 incolumis,
427 2638 647 2708 comparans
683 2637 765 2685 eam
801 2639 884 2686 cum
921 2638 1035 2699 nave,
1072 2613 1130 2686 cui
1168 2639 1306 2689 curam

106 2742 264 2837 impendi
290 2769 312 2815 a
339 2743 459 2816 nautis
487 2757 652 2838 oportet,
680 2759 879 2840 antequam
894 2744 1065 2816 fluctibus
1080 2746 1217 2816 obruta
1231 2761 1301 2818 est

159 2873 253 2946 Sunt
288 2888 433 2965 autem,
472 2889 511 2945 ut
538 2873 676 2968 legenti
703 2874 914 2968 apparebit,
943 2898 1070 2946 omnes
1097 2874 1167 2945 hae
1196 2899 1304 2948 com-

106 3003 315 3098 parationes
356 3005 553 3076 admodum
593 3002 829 3098 perspicuae,
870 3006 919 3076 ab
964 3016 1185 3097 argumento
1225 3030 1304 3103 non

106 3133 245 3205 alienae
273 3159 393 3229 neque
421 3148 549 3228 aptum
577 3159 766 3205 numerum
794 3134 1028 3205 excedentes.
1064 3134 1168 3227 Ergo
1183 3147 1301 3207 statu-

107 3289 169 3335 ere
222 3288 417 3359 possumus
465 3265 603 3357 probos
653 3263 851 3357 scriptores
899 3263 1032 3335 iustum
1081 3263 1301 3359 plerumque

107 3395 254 3465 modum
294 3393 329 3464 in
370 3391 705 3487 comparationibus
746 3393 923 3479 tenuisse,
964 3393 1048 3465 licet
1088 3418 1156 3487 pro
1185 3417 1301 3488 argu-

108 3536 250 3607 mento,
299 3524 400 3618 quod
449 3536 646 3609 tractatur,
691 3522 890 3619 imaginum
932 3547 1105 3595 numerus
1147 3522 1305 3597 differat.

108 3651 219 3743 Quod
267 3652 363 3725 idem
421 3655 467 3725 de
500 3653 719 3750 Plutarcho,
760 3655 807 3724 de
848 3678 922 3748 quo
963 3653 1033 3725 iam
1073 3652 1300 3741 videbimus,

107 3781 281 3853 affirmari
321 3808 394 3854 non
434 3796 567 3878 potest.
622 3783 697 3854 lam
739 3783 877 3870 statim,
904 3783 1020 3878 primo
1048 3808 1198 3879 quoque
1223 3784 1302 3858 eius

108 3936 259 4006 operum
286 3911 470 4008 inspecto,
499 3928 656 4008 apparet
683 3938 766 3984 eum
792 3914 862 3986 hac
890 3913 925 3985 in
954 3939 993 3985 re
1021 3939 1095 3985 non
1126 3915 1301 3987 observa-

107 4040 203 4113 visse
238 4047 274 4114 τὸ
311 4045 415 4141 μηδὲν
451 4045 549 4141 ἄγαν,
586 4042 820 4116 rectissimam
857 4043 953 4115 illam
990 4042 1181 4137 cogitandi
1217 4045 1302 4116 scri·

110 4170 293 4267 bendique
308 4197 481 4244 normam.
498 4172 694 4245 Sumamus
708 4173 864 4269 exempli
877 4173 999 4268 gratia
1015 4172 1302 4268 disputationem

111 4300 152 4370 de
186 4303 420 4375 multitudine
455 4307 676 4389 amicorum,
712 4303 775 4399 qui
809 4304 951 4376 libellus
983 4316 1104 4375 exstat
1139 4303 1173 4374 in
1201 4304 1302 4376 editi-
