2834 4964
441 1145 931 1230 CORRIGENDA.

51 1709 143 1786 Pag.
168 1727 189 1781 4
212 1725 255 1766 vs.
280 1725 316 1782 13
338 1703 500 1782 scriptum:
522 1705 629 1782 perdat
650 1713 741 1783 atque
762 1715 864 1766 vastat
907 1707 982 1785 leg.:
1005 1708 1112 1784 perdat
1133 1726 1170 1766 ac
1191 1717 1286 1768 vastet

85 1863 108 1893 ,‚
168 1835 189 1888 4
223 1860 242 1891 „
278 1792 315 1890 3¹
412 1859 430 1890 ‚,
528 1822 610 1873 extat
935 1861 953 1890 „
1004 1814 1173 1876 continetur

87 1969 111 2001 „
169 1925 189 1981 6
224 1968 241 1997 „
280 1939 316 1997 27
329 1939 394 1997 sqq.
410 1966 428 1997 „
527 1920 614 1994 Quae
648 1930 749 1981 autem
779 1920 943 1999 imaginum
972 1922 1162 1983 coacervatio
1192 1922 1287 1983 maior

61 2040 113 2092 est
152 2028 185 2089 in
219 2027 359 2106 operibus
390 2027 571 2102 moralibus,
604 2027 655 2089 ubi
685 2027 752 2105 ipsa
772 2048 872 2088 rerum
893 2029 1041 2089 enarratio
1063 2029 1185 2089 nimiam
1206 2030 1287 2089 illam

63 2135 202 2216 copiam
233 2135 294 2196 iere
325 2134 472 2210 excludit,
505 2154 595 2212 quam
628 2135 658 2194 in
680 2134 747 2195 vitis
769 2135 926 2212 parallelis.
958 2139 1054 2214 Lege:
1078 2136 1165 2210 Quae
1186 2147 1286 2197 autem

58 2242 243 2324 imaginum
264 2242 453 2304 coacervatio
475 2242 570 2304 maior
591 2243 686 2303 estin
709 2243 849 2322 operibus
872 2243 1034 2305 moralibus
1058 2264 1151 2321 quam
1173 2244 1205 2304 in
1219 2244 1286 2306 vitis

62 2351 243 2432 parallelis,
264 2349 317 2412 ubi
336 2350 401 2428 ipsa
423 2370 523 2411 rerum
539 2351 687 2412 enarratio
703 2350 825 2410 nimiam
839 2349 920 2411 illam
934 2352 1053 2429 copiam
1068 2353 1129 2412 fere
1145 2353 1289 2416 excludit.

135 2463 214 2539 Pag.
256 2460 339 2518 8vs.
382 2457 585 2536 5scriptum:
607 2458 780 2519 auctoribus
861 2459 933 2537 leg.:
955 2459 1150 2537 scriptoribus
1248 2491 1250 2496 ·

171 2615 189 2643 vr
261 2587 279 2644 9
312 2614 329 2642 u
368 2570 405 2626 ²⁶
489 2614 506 2642 u
609 2575 641 2636 ‘²¹3
888 2613 905 2642 rr
956 2577 990 2636 Εἰς

171 2723 189 2748 ,,
245 2693 278 2733 11
314 2720 331 2749 „
369 2695 405 2733 22
491 2720 508 2749 „
610 2673 683 2735 dicit
889 2721 907 2750 „
956 2673 1084 2752 scriptor
1106 2673 1179 2734 dicit

73 2862 77 2869 ι
170 2828 187 2857 ,,
240 2802 327 2864 14„
367 2802 404 2855 14
488 2828 505 2857 ‚,
604 2788 740 2863 γενόμενυς
886 2828 904 2857 „
955 2789 1091 2862 γενόμενος

171 2937 187 2965 „
240 2909 277 2962 14
311 2936 327 2963 ‚,
368 2909 404 2966 19
488 2935 505 2964 „
605 2899 757 2970 γευσασθαι
890 2935 907 2964 „
956 2900 1107 2970 γεύσασθαι

172 3045 190 3071 ,,
244 3018 280 3071 14
312 3042 330 3073 „
369 2998 406 3054 28
490 3044 507 3071 ‚,
608 2995 680 3056 dicit
887 3043 904 3071 ‚,
954 3006 1055 3057 noster
1076 2995 1148 3056 dicit

173 3152 189 3178 „
242 3122 277 3180 17
312 3151 329 3179 ‚,
388 3107 405 3162 6
490 3149 508 3176 „
608 3101 680 3162 dicit
886 3150 903 3179 „
953 3103 1026 3163 dicit
1047 3105 1224 3164 Plutarchus

173 3260 190 3284 ‚,
242 3232 277 3285 41
314 3259 331 3284 „
369 3231 406 3288 23
491 3258 508 3285 „
608 3217 768 3291 ulappelaia
887 3258 904 3287 „
954 3217 1113 3292 πλημμέλεια

172 3366 189 3393 ,,
240 3322 278 3378 80
312 3367 329 3392 „
366 3338 405 3395 30
489 3365 507 3394 „
607 3330 671 3388 ποῦς
890 3365 908 3395 „
958 3329 1019 3388 πούς

121 3427 251 3487 Leviora
271 3426 403 3505 corrigat
423 3427 516 3487 lector
538 3426 710 3486 benevolus.
