2866 5040
694 228 740 313 87

115 433 191 506 scil.
219 457 285 505 eos
304 431 366 528 qui
384 431 559 504 continuo
578 429 731 504 curandi
750 454 863 503 causa
883 444 920 502 et
938 429 1161 502 ministrandi
1182 431 1318 502 adsunt

116 561 408 658 aegrotantibus.
449 560 621 656 Belgice:
652 561 871 656 παρίεμαι,
890 559 1213 657 κικάαπορροοεεκο),
1233 563 1316 632 οἶνον

116 697 285 771 αἰτοῦντες
311 695 334 790 ἢ
364 694 483 790 ψυγρθν
511 691 617 789 ὕδωρ,
645 691 753 761 ἄτοπα
779 692 833 761 καὶ
860 691 982 786 ἀγεννῆ
1009 691 1116 761 πολλά
1139 699 1243 762 ποιεῖν
1262 691 1315 761 καὶ

119 821 329 919 φθέγγεσθαι
357 821 410 892 διὰ
436 823 491 892 τόν
519 821 618 891 πόνον
647 820 699 890 καὶ
726 821 781 890 τόν
810 820 911 921 φόβον
940 821 1171 914 ὑπομένοντες.

174 955 285 1030 Simili
321 955 597 1052 comparatione
634 980 722 1028 usus
758 969 815 1028 est
852 980 940 1050 pag.
971 960 1044 1044 798
1074 956 1140 1041 D.,
1176 954 1240 1027 ubi
1268 953 1318 1026 ait

119 1087 273 1169 multos,
302 1088 396 1159 forte
423 1086 571 1159 fortuna
597 1086 647 1157 ad
674 1110 751 1156 rem
778 1084 962 1180 publicam
991 1085 1154 1168 delatos,
1183 1084 1318 1157 reverti

117 1243 193 1289 non
230 1239 342 1312 posse
378 1217 427 1288 ad
454 1215 567 1288 otium
599 1214 851 1310 tranquillum,
887 1240 1109 1310 comparans
1137 1239 1203 1287 eos
1231 1238 1314 1286 cum

120 1345 401 1442 navigantibus,
437 1345 562 1443 quivi
589 1344 818 1440 tempestatis
844 1344 945 1419 inviti
970 1344 1005 1416 in
1033 1346 1146 1417 altum
1173 1345 1318 1439 propel-

118 1477 260 1549 luntur:
289 1478 395 1547 οῦκέτι
422 1477 542 1574 ῥᾳδίως
569 1474 727 1546 ἀπελθεῖν
755 1475 923 1570 δύνανται,
955 1478 1054 1547 ταῦτθ
1080 1484 1146 1555 τοῖς
1174 1475 1312 1575 ἐμβάσιν

119 1610 166 1686 εἰς
206 1607 318 1677 πλοῖον
359 1605 482 1702 αἰώρας
523 1605 637 1701 χάριν,
678 1599 735 1674 εἶτ’
774 1603 1036 1675 ἀποσπασθεῖσιν
1073 1608 1119 1684 εἰς
1151 1604 1315 1699 πέλαγος,

118 1733 342 1828 πεπονθότες,
369 1734 434 1813 ἔξω
462 1733 618 1832 βλέπουσι
645 1741 837 1810 ναυτιῶντες
864 1759 916 1803 και
935 1732 1187 1830 ταραττόμενοι,
1208 1735 1314 1826 μένειν

120 1863 156 1933 δὲ
192 1863 246 1933 καλ
280 1859 428 1959 χρῆσθαι
463 1868 529 1939 τοῖς
565 1867 722 1957 παροῦσιν
760 1862 902 1956 ἀναγκὴν
939 1862 1082 1956 ἔχοντες.
1126 1859 1178 1932 Cf.
1207 1859 1315 1932 etiam

123 2013 213 2084 pag.
242 1994 318 2080 460
338 1989 389 2074 Β.,
419 1994 490 2078 787
512 1989 554 2059 E.

176 2119 450 2217 Πορθμεῖον,
477 2121 583 2190 navis
604 2129 725 2212 parva
752 2127 786 2188 et
813 2118 917 2198 leurs,
954 2142 1023 2211 ρπα
1044 2121 1163 2217 freta,
1196 2147 1317 2191 amnes

121 2258 180 2320 etc.
210 2251 464 2334 trutinantur,
490 2248 525 2320 in
555 2247 831 2343 comparatione
860 2248 1019 2340 occurrit
1045 2274 1133 2344 pag.
1162 2255 1236 2340 679
1257 2251 1315 2320 F.:

120 2385 151 2450 οἱ
178 2379 239 2477 γάρ
267 2381 411 2458 σπανίως
440 2382 611 2458 ἑστιῶντες
639 2380 872 2474 ἀναγκάζονται
891 2383 945 2450 τόν
964 2384 1114 2451 ὁπωσοῦν
1133 2381 1318 2477 ἐπιτήδειον

118 2510 142 2604 ἢ
172 2510 333 2605 γνώριμον
372 2508 613 2605 καταγράφειν,
654 2513 683 2578 οἱ
723 2509 759 2578 δὲ
795 2511 1028 2606 συνεχέστερον
1065 2510 1147 2580 κατὰ
1182 2518 1266 2605 τρεῖς
1294 2512 1316 2605 ἢ

118 2639 279 2733 τέτταρας
324 2636 631 2735 ἀναλαμβάνοντες,
677 2638 790 2734 ὥσπερ
835 2636 1022 2734 πορθμεῖα,
1067 2638 1107 2708 τά
1152 2639 1318 2732 συμπόσια

118 2761 304 2863 κουφότερα
332 2761 396 2862 (ita
423 2764 518 2837 enim
547 2790 630 2837 cum
659 2766 916 2869 Herwerdeno
944 2766 1127 2838 Plutarch.
1155 2790 1242 2861 pag.
1271 2787 1316 2855 27

121 2891 329 2988 scripserim
373 2919 441 2989 pro
485 2898 625 2992 κοῦφά
669 2922 733 2991 τε,
783 2897 884 2991 quod
930 2908 987 2967 est
1038 2895 1073 2966 in
1115 2895 1317 2989 codicibus)

119 3031 282 3096 ποιοῦσιν.

175 3153 292 3225 Porro
321 3152 619 3248 comparationes
646 3178 667 3225 e
696 3178 735 3225 re
764 3154 912 3226 nautica
930 3153 1068 3249 petitae
1090 3153 1320 3250 reperiuntur

119 3306 209 3379 pag.
237 3288 313 3374 466
333 3283 390 3369 (3.,
421 3285 580 3373 8041),
610 3289 685 3356 820
706 3283 764 3366 C.‚
793 3290 868 3374 438
889 3286 949 3371 Β.,
981 3305 1052 3377 754
1073 3284 1112 3358 C.

162 3559 181 3659 ξ
214 3584 269 3650 14.
325 3561 602 3632 METAPHORAE
629 3584 680 3632 AB
708 3585 868 3633 mutuus
896 3585 1085 3635 FAcruuuo
1113 3588 1278 3634 PurrrAE.

172 3798 312 3898 Ὁδός,
342 3805 421 3894 via,
450 3826 561 3874 sensu
589 3801 767 3873 translato
796 3800 943 3874 rationis
962 3803 1119 3898 positum
1140 3805 1319 3899 reperitur

121 3928 155 4000 in
183 3929 260 4003 vita
288 3930 441 4026 Pompei
469 3956 498 4004 c.
530 3955 574 4024 52
604 3955 692 4026 pag.
722 3937 796 4021 646
817 3932 875 4002 F.:
903 3934 1038 4030 τοιαότγγ
1066 3931 1093 4005 δ’
1111 3937 1179 4032 6θῴ
1196 3936 1316 4032 παρελ-

123 4059 235 4140 θόντες
263 4062 325 4132 ἐπὶΙ
344 4063 404 4158 τὴν
431 4063 550 4160 ἀρχὴν,
577 4059 612 4131 in
639 4059 715 4133 vita
744 4060 912 4135 Caesaris
940 4086 970 4133 c.
1006 4084 1045 4154 15
1067 4086 1154 4157 pag.
1173 4084 1243 4153 714
1263 4063 1316 4134 E.:

125 4189 340 4268 καταστάντος
368 4193 413 4268 εἰς
441 4193 554 4288 ἑτέραν
582 4191 653 4262 τινά
681 4191 752 4292 βίου
779 4193 832 4262 καὶ
858 4193 1059 4290 πραγμάτων
1086 4203 1204 4263 καινῶν
1223 4193 1315 4286 ὁδόν,

125 4314 156 4388 in
176 4315 252 4389 vita
271 4317 421 4390 Catonis
440 4317 590 4390 Minoris
610 4343 639 4390 e.
656 4324 678 4390 6
694 4342 782 4414 pag.
801 4325 870 4410 762
890 4319 938 4392 C.:
954 4319 1097 4392 καθόλου
1112 4322 1148 4392 δὲ
1163 4329 1229 4399 τοῖς
1243 4321 1317 4390 τότε
