2834 4964
109 147 287 275 parantur
323 204 406 251 cum
438 178 569 273 apibus
597 193 634 252 et
661 172 994 274 vespertilionibus:
1024 184 1121 261 ἐνίαις
1150 183 1186 253 δὲ
1217 182 1347 272 (ετ-Σ

110 309 248 408 ψυχαῖς)
263 311 316 380 καὶ
329 309 453 388 πολλάς
468 308 538 404 άμα
551 317 618 381 τῶν
633 311 770 405 ἐκγόνων
785 311 879 405 ἔλεγε
895 308 1122 408 συνηρτῆσθαι
1133 367 1143 405 ,
1153 311 1347 383 καθάπΞ

109 439 262 532 μελίττας
284 439 307 534 ἢ
326 438 510 535 νυκτερίδας
529 439 675 533 ἀτεχνῶς
690 439 855 538 ἐχομένας
873 438 926 509 καὶ
944 440 1124 535 τετριγυίας
1145 440 1208 510 ὑπδ
1224 439 1347 534 μνῧ

110 592 176 661 μης
194 567 247 636 καὶ
266 569 380 665 ὀργῆς,
395 568 441 634 ὧν
455 566 582 637 ἔπαθον
600 565 639 636 δι’
658 566 768 644 αι’)τάς.
797 564 959 660 Sumpsit
972 565 1193 638 Plutarchus
1206 567 1277 639 han

107 692 303 788 imaginem
326 718 349 764 a
363 706 563 788 personato
579 693 754 778 Homero,
770 695 831 791 qui
844 695 894 768 ita
909 720 1108 791 procorum
1122 695 1261 770 animas
1275 717 1347 763 ε

109 823 292 896 Mercurio
308 824 357 895 ad
370 822 503 895 inferos
518 822 651 895 deduci
665 823 760 896 facit.
779 824 832 898 Cf.
849 824 985 922 Odyss.
1001 826 1139 912 XXIV,
1159 849 1346 920 5—1cr

236 969 281 1042 ὡς
309 962 362 1033 ὅτε
389 964 568 1059 νυκτερίδες
596 970 694 1060 μυχῷ
720 964 837 1062 ἄντρου
864 964 1054 1036 θεσπεσίοιο

235 1093 398 1189 τρίζουσαι
426 1092 618 1184 ποτέονται,
648 1094 722 1161 ἐπεί
747 1094 784 1163 κε’
809 1119 856 1171 τις
884 1094 1092 1189 ἀποπέσῃσιν

235 1218 383 1317 ὁρμαθοῦ
411 1221 447 1289 ἐκ
472 1221 617 1317 πέτρης,
641 1220 703 1290 ἀνά
730 1220 757 1290 τ’
785 1221 968 1317 ἀλλήλῃσιν
996 1223 1148 1317 ἔχονται,

235 1348 281 1427 ὣς
308 1352 341 1418 αἱ
368 1354 542 1444 τετριγυῖαι
569 1345 626 1441 ἅμ’
654 1346 770 1442 ἤισαν,
798 1349 884 1446 ἦρχε
912 1348 1006 1446 δ’άρα
1034 1375 1110 1445 σφιν

235 1470 389 1573 Ἑρμείας
417 1474 566 1570 ἀκάκητα
593 1475 664 1546 κατ’
693 1477 861 1574 εὐρώεντα
888 1476 1041 1547 κέλευθα.

160 1607 451 1709 Ἀλεκτρυών,
472 1611 613 1706 gallus,
641 1636 729 1706 pag.
761 1633 832 1703 794
849 1612 895 1683 D.
924 1613 1020 1684 hanc
1048 1625 1176 1685 nostro
1206 1639 1347 1687 comf

108 1739 336 1835 parationem
373 1739 560 1834 suggerit:
602 1743 654 1813 δεῖ
684 1744 739 1813 τδν
775 1741 964 1844 πρεσβύτην
1004 1746 1038 1813 ἐν
1066 1744 1227 1840 ἐκκλησίᾳ
1256 1748 1333 1840 μὴ·

108 1871 200 1965 δίκην
229 1872 438 1970 ἀλεκτρυόνος
465 1869 618 1968 ἀντᾴδειν
645 1879 710 1951 τοῖς
738 1871 985 1968 φθεγγομένοις.

160 2001 252 2094 Pag.
293 2004 364 2092 516
381 2001 427 2071 D.
469 1998 651 2086 curiosus,
687 1999 721 2070 in
759 1998 879 2072 medio
915 1999 1004 2072 sitos
1040 2024 1231 2074 sermones
1267 2016 1311 2075 et

107 2128 293 2216 historias,
330 2143 368 2202 et
404 2131 451 2202 de
488 2129 621 2225 quibus
656 2155 764 2202 nemo
801 2129 971 2224 prohibet
998 2143 1064 2201 aut
1090 2129 1313 2225 indignatur

108 2258 251 2353 quaeri,
279 2258 523 2353 praeteriens,
553 2259 739 2331 occultata
766 2285 857 2332 vero
884 2262 981 2333 mala
1009 2260 1188 2356 cuiusque
1204 2261 1304 2334 fami-

37 2464 39 2469 ,
107 2387 176 2460 liae
218 2388 414 2484 colligens,
459 2403 694 2483 comparatur
735 2415 817 2462 cum
859 2390 1013 2485 gallina,
1042 2415 1139 2488 quae
1157 2416 1303 2487 saepe,

107 2495 220 2591 multo
261 2517 451 2614 proposito
488 2518 679 2606 alin‘lent0,
715 2519 748 2591 in
778 2522 955 2614 angulum
983 2520 1141 2617 aliquem
1169 2523 1305 2595 domus

106 2673 188 2728 sese
228 2648 416 2736 subducit,
457 2649 520 2721 ubi
559 2651 619 2722 vel
659 2648 693 2720 in
722 2649 942 2745 sterquilinio
970 2650 1116 2724 unicum
1144 2667 1305 2747 apparet

106 2777 233 2851 hordei
247 2803 423 2873 granum:
452 2785 498 2861 ὡς
511 2780 572 2879 γάρ
596 2781 679 2878 άρνις
699 2783 732 2875 ἐν
753 2783 837 2877 οἰκίᾳ
856 2782 1011 2862 πολλάκις
1029 2791 1155 2880 τροφῆς
1173 2785 1303 2882 πολλῆς

42 3004 45 3011 ,
105 2912 350 3007 παρακειμένης
390 2913 436 2990 εἰς
474 2912 593 3006 γωνίαν
633 2910 798 2980 καταδῦσα
834 2909 986 2980 σκαλεύει
1023 2910 1129 3003 ,ἔνθα
1164 2913 1203 3006 γε’
1238 2939 1303 2983 που

1 3040 2 3044 ’
107 3033 288 3133 διεφαίνεθ
323 3036 373 3109 ἅτ’
410 3041 444 3108 ἐν
481 3041 600 3138 κοπρίη
628 3040 686 3131 μία
712 3035 850 3136 κριθίγ,”
877 3039 1118 3136 παραπλησίως
1146 3045 1177 3109 οἱ
1203 3042 1303 3112 πολυ-

105 3166 311 3265 πράγμονες,
349 3167 551 3267 ὑπερβάντες
578 3167 652 3246 τοὺς
679 3169 713 3236 έν
740 3168 834 3262 μέσῳ
861 3167 975 3262 λάγους
1001 3168 1054 3237 καλ
1082 3170 1222 3266 ἱστορίας
1248 3171 1304 3241 καὶ

105 3295 126 3365 ά
155 3295 269 3391 μηδεὶς
296 3293 414 3366 κωλίνει
440 3293 667 3366 πυνθάνεσθαι
696 3289 773 3389 μηδ’
801 3294 943 3390 άχθεται
961 3295 1239 3392 πυνθανομένοις,
1259 3298 1302 3369 τά

104 3425 311 3523 κρυπτόμενα
345 3425 398 3502 καί
433 3422 641 3496 λανθάνοντα
673 3422 771 3494 κακά
806 3423 938 3518 πάσης
969 3424 1070 3502 οἰκίας
1099 3423 1299 3518 ἐκλέγουσιν.

105 3552 143 3625 C.
172 3552 211 3623 F.
240 3553 451 3635 Hermann,
482 3551 584 3625 Rein.
612 3553 705 3624 Mus.
740 3557 835 3641 1846
873 3575 961 3646 pag.
994 3556 1069 3643 456
1094 3551 1298 3645 legendum

105 3706 187 3754 esse
219 3695 326 3777 putat
359 3683 442 3754 κατά
469 3683 578 3763 πάσας
597 3685 707 3763 οἰκίας.
754 3681 859 3772 Quae
880 3680 1110 3768 coniectura,
1149 3694 1188 3752 ut
1215 3681 1302 3754 mihi

104 3811 250 3907 quidem
277 3810 440 3897 videtur,
468 3824 524 3883 est
551 3812 749 3883 admodum
777 3811 985 3908 probabilis.
1036 3810 1176 3884 Curiosi
1202 3811 1300 3884 enim

91 3940 327 4036 ¹potissimum
356 3943 541 4015 occultata
561 3956 597 4014 et
614 3941 764 4015 latentia
782 3941 956 4016 sciscitari
984 3956 1183 4028 conantur,
1198 3967 1300 4037 quae

104 4085 226 4143 tamen
268 4097 341 4144 non
377 4096 445 4167 per
471 4097 511 4145 se
540 4046 635 4144 mala
662 4097 743 4145 esse
771 4073 917 4144 debent.
