2834 4964
681 187 724 254 16

100 396 274 487 περιορᾶν,
302 390 415 486 ώσπερ
442 355 652 483 κωμόζοντας
679 391 713 459 ἐν
736 396 780 485 τη
798 386 1043 485 Πελοποννήσῳ
1062 389 1148 483 μετὰ
1171 391 1312 486 πολλῆς

103 518 276 612 ἀσελγείας
303 518 356 588 καί
383 515 599 615 θρασύτητος.

152 655 244 748 Pag.
282 678 324 744 14
353 655 393 725 F.
421 653 679 726 adolescentes
705 653 755 724 ad
781 653 853 725 hoc
880 638 1188 726 assuefaciendos
1218 679 1310 728 esse

101 783 204 869 dicit,
232 797 273 856 ut
298 783 332 854 in
361 782 605 855 auditionibus
632 797 671 855 et
696 782 912 855 lectionibus
939 782 1192 856 delectatione
1213 797 1311 857 tam-

101 939 211 1009 quam
240 913 395 986 obsonio
423 912 566 985 modice
594 913 777 997 fruantur,
804 911 976 1007 utiliaque
1004 926 1042 985 et
1067 913 1240 987 salubria
1262 941 1311 988 ex

102 1042 142 1116 iis
178 1057 344 1138 captent:
381 1045 429 1115 ἔτι
456 1044 492 1114 δέ
520 1045 642 1138 μᾶλλον
671 1045 722 1114 δεῖ
744 1044 817 1122 τοὺς
845 1045 935 1121 νέους
964 1046 997 1113 ἐν
1023 1051 1093 1123 ταῖς
1122 1045 1310 1143 ἀκροάσεσι

102 1176 154 1246 καὶ
193 1175 413 1270 ἀναγνώσεσιν
453 1171 593 1266 ἐθίζειν,
621 1172 734 1268 ώσπερ
761 1171 834 1268 idq>
862 1174 1050 1268 χρωμένους
1079 1175 1226 1270 μετρίως
1258 1183 1310 1273 τῷ

102 1305 270 1400 τέρποντι,
297 1304 333 1372 τδ
360 1301 522 1398 χρήσιμον
550 1299 606 1370 ἀπ’
634 1301 732 1371 αὐτοῦ
759 1301 812 1370 καί
837 1302 874 1370 τδ
901 1301 1061 1398 σωτήριον
1089 1302 1234 1374 διώκειν.

93 1412 99 1425 ’
155 1430 246 1523 Pag.
287 1450 328 1522 51
362 1427 401 1501 C.
429 1427 662 1499 adulatorum
689 1426 790 1499 velut
817 1425 1015 1521 superciliis
1044 1428 1307 1503 adnictantem

102 1584 148 1632 ac
184 1557 386 1631 titillantem
427 1556 571 1630 dicendi
596 1556 803 1628 libertatem
831 1571 1022 1650 comparat
1050 1583 1134 1630 cum
1162 1559 1306 1634 amaris

105 1688 333 1784 austerisque
374 1686 470 1760 sucis
505 1711 708 1781 coquorum
744 1685 962 1780 peritorum:
1004 1689 1117 1786 ώσπερ
1145 1694 1176 1760 οἱ
1205 1691 1308 1763 δεινοί

105 1828 170 1890 τῶν
212 1821 377 1916 ὀψοποιῶν
416 1825 482 1896 τοῖς
521 1825 644 1914 πικροῖς
684 1824 801 1913 χυμοῖς
840 1818 893 1888 καλ
928 1819 1106 1915 αὐστηροῖς·
1130 1817 1308 1914 ἡδύσμασι

105 1955 268 2044 χρῶνται,
308 1955 373 2017 τών
408 1947 552 2040 γλυκέων
588 1946 800 2042 ἀφαιροῦντες
836 1948 872 2015 τδ
907 1946 1092 2041 πλήσμιον,
1129 1943 1236 2025 οὕτως
1278 1952 1308 2018 οἱ

106 2076 240 2153 κόλακες
268 2076 324 2145 οὐκ
351 2073 514 2170 ἀληθινὴν
541 2073 606 2144 ουδ’
634 2074 821 2169 ὠφέλιμον,
849 2067 920 2143 ἀλλ’
942 2076 1007 2143 οἷον
1026 2074 1308 2147 ἐπιλλώπτουσαν

109 2205 142 2283 ἐξ
170 2202 288 2301 ὀφρύος
315 2204 368 2274 καλ
394 2203 652 2299 γαργαλίζουσαν
680 2202 826 2296 ἀτεχνῶς
845 2202 1031 2297 παρρησίαν
1049 2203 1307 2299 προςρέρουσιν.

158 2332 249 2425 Pag.
278 2335 326 2402 68
356 2329 394 2402 C.
423 2328 508 2401 dicit
534 2328 685 2401 ridicula
712 2341 750 2400 et
777 2326 938 2400 scurrilia
965 2327 1000 2399 in
1028 2327 1172 2399 dicendi
1195 2328 1309 2402 liber-

106 2473 202 2546 tate,
225 2459 363 2532 severis
381 2459 559 2545 admixta,
579 2457 771 2531 evanidam
790 2471 828 2530 et
845 2457 1004 2530 inutilem
1024 2482 1106 2530 eam
1125 2459 1308 2546 reddere,

107 2590 199 2663 sicut
234 2615 388 2685 pravum
426 2588 715 2671 condimentum,
752 2588 841 2662 cibis
868 2587 1084 2673 admixtum,
1121 2611 1187 2659 eos
1223 2613 1307 2661 cor-

108 2719 258 2815 rumpit:
296 2722 560 2814 συμμεμιγμένον
597 2719 632 2789 δὲ
668 2721 704 2789 τδ
730 2721 854 2815 γελοῖον
881 2721 989 2796 αὐτοῖς
1017 2716 1103 2815 (scil.
1130 2726 1196 2796 τοῖς
1226 2721 1308 2791 αὐσ-

106 2848 232 2948 τηροῖς)
271 2851 324 2921 καί
365 2849 577 2949 βωμολόχον,
614 2848 727 2945 ώσπερ
755 2850 866 2926 σιτίοις
894 2849 1080 2945 ὑπότριμμα
1108 2845 1308 2946 μοχθηρόν,

108 2981 255 3076 ἐξίτηλον
282 2981 385 3050 ἐποίει
411 2979 471 3072 τὴν
498 2979 684 3074 παρρησίαν
711 2977 763 3047 καλ
791 2977 966 3073 ἄχρηστον.

160 3109 252 3202 Pag‚
298 3128 364 3197 125
404 3107 451 3176 A.
487 3128 585 3176 vana
623 3102 743 3198 gloria
780 3117 1015 3197 comparatur
1042 3128 1125 3176 cum
1152 3102 1305 3177 nidore:

109 3240 224 3335 ώσπερ
252 3239 314 3307 ὑπδ
341 3238 451 3330 κνίσης
478 3242 538 3330 τῆς
565 3242 661 3330 κενῆς
689 3235 786 3330 δόξης
813 3235 975 3328 ἀγόμενοι.

158 3366 290 3437 Petrus
329 3361 465 3434 Nikitin
503 3361 550 3460 (in
578 3360 770 3455 melanges
798 3360 1114 3455 graeco-romains
1142 3376 1227 3433 tom.
1258 3369 1305 3450 6,

108 3520 196 3590 pag.
241 3500 283 3566 16
321 3493 374 3566 St.
406 3493 659 3586 Petersbourg
694 3491 805 3588 1892)
832 3491 867 3562 in
895 3516 940 3563 ea
967 3494 1165 3564 verborum
1192 3491 1305 3565 inter-

109 3595 331 3720 pretatione,
348 3648 456 3718 quam
478 3622 673 3718 Xylander
690 3620 1145 3716 proposuit,acquiescere
1165 3622 1304 3716 nequit.

108 3757 278 3826 Adnotat
318 3753 367 3825 ad
408 3753 504 3823 hunc
540 3751 680 3824 locum:
717 3750 821 3836 „mihi
857 3765 975 3836 certe,
1012 3776 1106 3846 pace
1140 3751 1303 3825 virorum

109 3884 398 3957 doctissimorum
427 3881 593 3963 dixerim,
630 3906 747 3954 vanos
776 3881 944 3953 videntur
972 3883 1133 3954 vendere
1161 3881 1302 3970 fumOS,

109 4013 188 4108 qui,
224 4013 312 4110 quid
347 4013 407 4085 vel
443 4011 548 4083 nidor
583 4010 649 4083 iste
677 4011 737 4083 vel
763 4011 882 4083 sumus
909 4009 975 4083 sibi
1001 4009 1106 4096 velit,
1133 4010 1305 4085 simulent

109 4167 150 4215 se
190 4144 291 4216 scire.
346 4141 443 4234 Quid
484 4141 622 4213 multa?
675 4142 759 4235 Ipsa
799 4166 839 4213 se
880 4143 1037 4236 praebet
1072 4141 1302 4214 emendatio:

112 4276 193 4345 ὑπδ
219 4277 386 4372 κίσσης.
424 4273 519 4344 Tam
537 4270 689 4344 evidens
709 4285 766 4343 est
784 4285 933 4367 tamque
952 4269 1078 4357 facilis,
1093 4284 1133 4342 ut
1147 4271 1302 4344 credere
