2866 5040
666 286 734 352 109
783 241 787 250 ⁵

149 468 390 565 Μέλιτται,
430 481 518 564 aper.
568 469 690 542 Notus
731 483 787 542 est
824 469 1066 543 mellariorum
1094 495 1174 543 mos
1201 495 1291 567 apes
1401 537 1406 545 ,

98 599 200 671 ίυ111ο
229 597 422 693 abigendi,
450 624 526 695 quo
554 598 693 672 facilius
712 599 752 673 iis
772 601 842 672 mel
861 601 1080 672 subducant.
1109 598 1161 672 Cf.
1180 601 1292 695 Verg.

98 730 240 823 Georg.
269 729 338 815 IV,
376 735 448 801 228
477 754 555 825 sqq.
612 729 731 820 Quem
759 731 808 801 ad
835 755 974 802 morem
1002 729 1128 803 alludit
1154 731 1293 803 Plutar-

98 860 190 931 chus
226 858 261 930 in
279 923 282 930 .
299 858 573 954 comparatione
609 885 697 955 pag.
738 882 808 953 595
831 861 889 946 F„
926 859 989 932 ubi
1015 860 1216 933 Diotonum
1242 859 1293 932 ita

98 989 311 1062 coniuratos
354 990 554 1062 Thebanos
595 990 853 1062 adhortantem
890 989 1014 1085 fingit:
1058 991 1183 1092 βέλτιον
1213 994 1294 1062 εἶναι

97 1121 339 1218 προςελθόντας
376 1123 410 1191 έν
446 1122 599 1219 ὑπαίθρῳ
633 1120 880 1216 συμπλέκεσθαι
906 1124 986 1219 πρὸς
1015 1119 1205 1218 [ἀλλήλους]
1235 1117 1291 1216 (cf.

100 1250 395 1322 Herwerdenum
423 1250 557 1321 Mnem.
584 1255 674 1339 1891
698 1274 785 1345 pag.
808 1248 895 1346 292)
916 1251 1132 1330 ἀσυντακτοὺς
1150 1251 1203 1320 καλ
1217 1277 1294 1321 σπο-

99 1381 200 1478 ράθας
227 1383 249 1475 ἢ
279 1383 387 1475 μένειν
416 1384 449 1451 έν
476 1382 608 1477 οἰκίσκῳ
631 1381 864 1478 καθείρξαντας
883 1378 1020 1473 αὐτούς,
1039 1380 1152 1477 ὥσπερ
1171 1387 1293 1476 σμῆνος
1345 1377 1347 1381 ’

100 1509 416 1608 ἐξαιρεθησομένους
443 1511 506 1580 ὑπὸ
533 1517 600 1580 τῶν
628 1511 806 1602 πολεμίων.
850 1506 901 1580 Cf
929 1532 1017 1602 pag.
1046 1531 1094 1597 42
1112 1506 1149 1579 C.

150 1646 243 1740 Pag.
264 1651 334 1730 6,ο1
354 1645 392 1718 C.
415 1644 450 1716 in
460 1644 706 1740 disputatione
726 1647 794 1732 „de
812 1645 943 1718 exilio’'
957 1645 1043 1718 dicit
1056 1645 1293 1741 philosophus

101 1801 184 1862 nOS,
212 1800 287 1848 uno
315 1776 399 1849 loco
428 1777 610 1870 expulsos
624 1801 806 1863 maerere,
834 1790 1022 1872 tamquam
1041 1776 1210 1849 formicas
1230 1790 1295 1848 aut

100 1930 208 2001 apes,
244 1906 275 1978 si
311 1931 385 2005 uno
418 1905 503 1978 nido
532 1919 596 1977 aut
623 1905 762 1978 alveari
788 1906 1006 1979 exciderint:
1034 1913 1151 2005 ἡμεῖς,
1180 1908 1292 2005 ὥσπερ

101 2036 269 2135 μύρμηκες
304 2038 327 2133 ἢ
364 2038 511 2131 μέλιτται
539 2043 724 2135 μυρμηκιαῖς
753 2043 829 2131 μιᾶς
854 2039 877 2134 ἢ
905 2038 1051 2135 κυψέλης
1079 2039 1290 2130 ἐκπεσόντες,

100 2165 337 2260 ἀδημονοῦμεν.

150 2291 329 2387 Strepitus
368 2291 403 2363 in
440 2291 574 2365 alveari
610 2293 808 2366 Plutarcho
846 2292 1127 2389 comparationis
1163 2316 1290 2363 ansam

99 2421 199 2494 dedit
233 2446 321 2517 pag.
360 2428 432 2513 824
450 2422 515 2509 Α.,
551 2422 615 2495 ubi
655 2422 839 2497 civitatem
880 2424 1020 2496 confert
1060 2448 1143 2496 cum
1179 2446 1290 2518 apum

100 2551 250 2625 alveari:
288 2559 318 2624 οί
344 2555 403 2649 μὲν
430 2557 581 2653 ἔμπειροι
607 2553 787 2653 θεραπείας
815 2555 869 2625 καί
895 2561 1019 2652 τροφῆς
1047 2555 1208 2649 μελιττῶν
1236 2555 1290 2622 τθν

100 2684 242 2778 μάλιστα
279 2683 463 2784 βομβοῦντα
498 2691 564 2753 τῶν
602 2683 749 2783 σίμβλων
776 2684 831 2754 καλ
857 2681 1000 2784 θορύβου
1029 2685 1149 2776 μεστὸν
1178 2687 1290 2753 τοῦτον

100 2813 252 2908 εὐθηνεῖν
281 2813 333 2882 καί
360 2813 515 2909 ὑγιαίνειν
542 2812 737 2907 νομίζουσιν·
766 2808 796 2908 ql
822 2812 858 2882 δὲ
886 2818 943 2883 τοῦ
971 2813 1099 2907 λογικοῦ
1129 2811 1183 2881 καί
1201 2811 1291 2880 πολι-

101 2948 186 3012 τικοῦ
214 2940 359 3037 σμήνους
386 2940 577 3035 ἐπιμέλειαν
597 2942 687 3036 ἔχειν
707 2944 724 3010 ὁ
743 2939 821 3019 θεὸς
839 2941 982 3033 ἔδωκεν,
1001 2941 1128 3036 ἡσυχίᾳ
1148 2940 1292 3034 μάλιστα

102 3071 151 3140 καί
177 3070 343 3167 πρᾳότητι
371 3069 478 3166 δήμου
505 3070 717 3167 τεκμαίρεται
745 3069 963 3164 εὐδαιμονίαν.

149 3206 332 3278 Bombum
360 3229 471 3300 apum
498 3204 533 3276 in
562 3204 838 3299 comparatione
858 3203 1014 3299 scriptor
1032 3203 1184 3276 adhibet
1201 3228 1290 3298 pag.

107 3343 172 3428 567
203 3336 263 3407 E:
292 3337 399 3435 ψυχὰς
427 3335 579 3433 καθάπερ
608 3337 759 3430 μελίττας
786 3339 976 3434 τετριγυίας.

147 3468 242 3562 Pag.
284 3471 355 3555 461
395 3465 441 3536 A.
479 3462 671 3536 continuas
708 3477 745 3536 et
782 3466 932 3536 crebras
968 3488 1013 3536 ac
1040 3461 1228 3558 paullatim
1256 3461 1290 3533 in

100 3598 220 3669 animo
261 3596 437 3668 collectas
463 3594 553 3680 iraS‚
590 3618 684 3689 quas
711 3593 765 3666 sui
792 3618 896 3666 amor
922 3607 960 3666 et
986 3593 1179 3666 morositas
1208 3617 1290 3664 cum

98 3724 185 3801 luxu
223 3725 442 3820 mollitieque
478 3724 602 3796 iuncta
638 3723 744 3797 nobis
770 3724 1009 3820 ingenerant,
1038 3725 1179 3796 confert
1207 3747 1290 3794 cum

98 3879 210 3955 apum
238 3869 302 3928 aut
328 3879 526 3950 vesparum
554 3852 734 3926 examine:
762 3856 815 3925 καί
843 3857 908 3950 μὴν
935 3855 992 3933 τάς
1015 3881 1052 3950 γε
1071 3859 1217 3947 συνεχεῖς
1236 3852 1290 3922 καί

98 3987 229 4065 πυκνὰς
269 3987 323 4056 καί
362 3985 445 4056 κατὰ
485 3986 596 4082 μικρὸν
637 3986 670 4054 έν
709 3990 753 4080 τῇ
792 3984 886 4079 ψυχῇ
921 3982 1160 4076 συλλεγομένας
1193 3979 1290 4077 ὀργὰς

98 4117 241 4187 ιοίλιστα
269 4116 422 4211 φιλαυτία
449 4114 501 4183 καί
530 4113 682 4182 δυσκολία
710 4111 794 4206 μετὰ
820 4118 946 4209 τρυφῆς
969 4110 1023 4180 καί
1042 4110 1202 4202 μαλακίας
1222 4111 1290 4178 οἷον

98 4251 223 4339 σμῆνος
250 4245 272 4339 ἢ
302 4241 444 4339 σφηκιὰν
471 4245 550 4338 ἡμῖν
578 4243 782 4312 έντίκτουσιν.

153 4370 244 4464 Pag.
279 4393 320 4460 14
328 4393 345 4462 5
368 4372 407 4441 B.
436 4368 600 4453 maritus,
629 4367 767 4463 optima
793 4391 965 4463 quaeque
998 4364 1158 4460 undique
1186 4362 1290 4435 uxori
