2834 4964
622 269 688 337 117

117 455 438 552 Σκολόπενδραι,
468 455 720 548 scolopendrae.
757 456 794 526 A
813 455 1139 550 scolopendrarum
1161 453 1262 528 more

56 587 176 657 hamo
205 597 337 655 vocato
366 609 406 659 se
433 584 634 656 invertendi
656 583 855 679 imaginem
870 585 1022 680 sumpsit
1036 601 1161 659 noster
1174 612 1261 682 pag.

65 721 140 808 567
163 715 222 785 B.:
264 715 334 785 όσοι
369 715 405 786 δὲ
440 716 624 812 πρόσχημα
655 716 708 786 καί
737 716 832 795 δόξαν
862 717 982 814 ἀρετῆς
1009 718 1264 817 περιβαλόμενοι

61 845 243 943 διεβίωσαν
279 846 378 939 κακία
415 842 649 940 λανθανούσῃ,
688 844 875 940 ἠνάγκαζον
913 844 1017 943 ἕτεροι
1044 845 1273 942 περιεστῶτες

61 972 287 1070 ἐκτρέπεσθαι
327 973 368 1043 τά
409 975 499 1051 ἐντδς
539 973 602 1051 ἔξω
644 978 704 1067 τῆς
746 974 858 1069 ψυχῆς
898 974 1146 1069 ἰλυσπωμένους
1172 972 1263 1070 παρὰ

64 1101 164 1196 φύσιν
194 1101 247 1171 καί
267 1102 602 1195 ἀνακαμπτομένους,
622 1101 735 1197 ὥσπερ
755 1105 790 1171 αἱ
810 1101 988 1172 θαλάττιαι
1007 1102 1263 1199 σκολόπενδραι,

63 1235 286 1300 καταπιοῦσαι
314 1230 351 1299 τδ
379 1229 571 1326 ἄγκιστρον,
600 1231 811 1326 ἐκτρέπουσιν
840 1229 970 1308 ἑαυτάς.

111 1352 343 1454 Ὄστρεον,
371 1357 613 1450 conchylium,
642 1380 729 1450 pag.
766 1378 833 1448 135
858 1357 897 1427 B.
925 1355 958 1427 in
987 1357 1261 1451 comparatione

63 1485 265 1557 invenitur:
295 1489 430 1584 ὀστρέου
458 1489 544 1567 τινδς
572 1489 646 1584 ζων]
672 1489 858 1585 προςεοικός
887 1490 958 1558 ε’στι
976 1490 1014 1558 τδ
1033 1488 1262 1584 ἀμετάστατον

64 1624 181 1710 τοῦτο,
223 1616 242 1687 i.
271 1642 301 1687 e.
344 1615 431 1687 illud
472 1615 694 1687 immutabile
731 1640 852 1710 genus
889 1615 1033 1688 vivendi
1066 1616 1179 1688 simile
1207 1632 1263 1689 est

64 1744 247 1840 conchylii
278 1745 393 1817 uitae.
448 1745 614 1817 Eandem
656 1745 968 1840 comparationem
1009 1747 1123 1818 habet
1158 1746 1261 1818 Plato

62 1875 97 1946 in
129 1875 265 1947 Phileb.
294 1900 381 1970 pag.
414 1881 459 1964 76
475 1875 537 1957 E.,
567 1874 600 1946 in
631 1876 785 1947 Phaedr.
814 1900 900 1971 pag.
931 1882 1004 1966 346
1021 1876 1066 1947 D.

118 2001 180 2103 [¹30
191 2033 208 2075 υ
219 2006 402 2101 λόπους,
415 2006 578 2100 polypus.
595 2006 726 2101 Polypi
747 2007 951 2079 secundum
966 2006 1160 2079 Aelianum
1176 2008 1261 2079 Var.

62 2133 157 2207 Hist.
204 2135 237 2219 l,
290 2159 301 2205 1
352 2136 422 2206 sub
463 2135 622 2230 scopulis
662 2135 846 2208 latitantes
886 2137 1016 2208 sedent
1056 2152 1094 2208 et
1133 2162 1261 2208 eorum

63 2265 231 2336 colorem
258 2264 413 2336 induunt
440 2279 552 2360 atque
580 2265 675 2338 idem
703 2291 785 2338 cum
806 2266 966 2361 seopulis
985 2291 1066 2339 esse
1084 2266 1260 2339 videntur.

62 2395 159 2467 Cum
187 2394 296 2489 igitur
322 2395 462 2491 pisces,
490 2409 677 2491 tamquam
701 2397 749 2468 ad
764 2398 954 2492 scopum,
974 2397 1025 2469 ita
1039 2399 1088 2470 ad
1101 2399 1261 2493 polypos

58 2526 264 2607 adnatant,
295 2525 343 2597 illi
371 2525 444 2598 suis
472 2525 590 2612 cirris,
619 2540 658 2597 ut
684 2527 841 2612 retibus,
869 2528 1118 2623 imprudentes
1146 2527 1259 2623 impli-

60 2670 159 2726 cant.
202 2654 254 2727 Cf.
297 2656 407 2727 etiam
449 2656 540 2728 Plut.
581 2658 628 2728 de
669 2657 811 2729 Sollert.
852 2658 972 2729 Anim.
999 2683 1086 2753 pag.
1116 2664 1189 2748 978
1218 2659 1258 2730 Ε.

62 2786 178 2858 Unde
219 2785 435 2858 Plutarchus
488 2811 575 2882 pag.
620 2809 664 2879 52
702 2787 741 2859 F.
792 2786 992 2860 adulatoris
1041 2787 1259 2860 mutationes

53 2941 146 2988 cum
163 2914 302 3010 ¹polypi
329 2916 632 2989 conversionibus
660 2930 870 3012 comparat:
898 2918 956 2997 τὰς
985 2919 1021 2989 δὲ
1047 2925 1104 2989 τοῦ
1123 2919 1260 2997 κόλακος

60 3045 178 3142 ὥσπερ
206 3045 411 3125 πουλύποδος
439 3046 562 3144 τροπάς
589 3051 697 3145 ῥᾷστα
727 3048 914 3146 φωράσειεν
943 3048 982 3118 άν
1011 3074 1059 3126 τις
1086 3076 1116 3117 κ.
1132 3073 1160 3117 τ.
1176 3048 1207 3117 λ.

115 3173 201 3244 Huc
230 3174 388 3268 pertinet
415 3173 521 3245 etiam
550 3174 776 3269 comparatio
804 3199 891 3269 pag.
923 3197 964 3267 51
986 3175 1050 3260 D.‚
1079 3174 1141 3245 ubi
1169 3174 1258 3269 legi-

60 3327 160 3376 mus·
204 3307 274 3375 ἔστι
310 3306 370 3400 μὲν
408 3304 463 3376 οὖν
501 3305 554 3376 διά
589 3312 693 3377 ταῦτα
727 3306 943 3404 δυσφώρατος
970 3309 986 3376 ὁ
1014 3307 1098 3404 ἀνὴρ
1127 3303 1212 3392 (scil.
1241 3309 1258 3375 ὁ

59 3435 197 3527 κόλαξ),
235 3432 349 3532 ὥσπερ
385 3442 452 3504 τῶν
489 3433 618 3531 θηρίων
656 3434 717 3505 όσα
754 3435 925 3530 πεφυκότα
961 3435 1022 3530 τὴν
1059 3435 1161 3533 χρόαν
1189 3437 1259 3533 τρέ-

58 3562 186 3635 πεσθαι
213 3568 493 3657 συναφομοιοῦται
520 3569 586 3641 τοῖς
614 3563 843 3656 ὑποκειμένοις
867 3563 1022 3661 χρώμασι
1041 3563 1095 3635 καί
1113 3566 1256 3661 χωρίοις.

58 3690 229 3762 Eandem
250 3689 562 3784 comparationem
571 3689 861 3785 habetEupolis:
883 3694 968 3789 ἀνὴρ
987 3692 1125 3788 πολίτης
1139 3690 1257 3763 πουλό-

56 3848 139 3900 πους
168 3823 201 3899 ἐς
232 3820 304 3900 τοὺς
331 3822 479 3919 τρόπους.
508 3819 664 3892 Locutio
691 3820 899 3901 πουλύποδος
926 3822 1044 3918 τροπαί
1072 3819 1255 3915 proverbii

57 3949 131 4023 vim
160 3948 311 4043 accepit.
354 3948 404 4021 cf.
433 3949 592 4045 Diogen.
621 3951 653 4033 l,
688 3974 744 4039 23·
781 3950 917 4021 Zenob.
946 3950 979 4034 Ι,
1011 3972 1068 4041 24.

111 4088 149 4159 A
169 4088 269 4160 cirris
287 4087 414 4184 polypi
433 4087 630 4184 imaginem
650 4103 776 4161 noster
794 4088 1020 4185 deprompsit
1033 4113 1120 4183 pag.
1137 4094 1179 4159 61
1196 4090 1253 4174 D.‚

58 4218 122 4290 ubi
150 4218 201 4289 ait
227 4219 457 4291 adulatorem
478 4218 743 4304 curiositatem,
759 4218 960 4291 calumnias
974 4217 1253 4313 malignitatem-

54 4374 130 4444 que
159 4372 282 4434 suam,
310 4349 412 4421 velut
439 4349 614 4444 polypum
643 4348 774 4434 cirros,
803 4349 839 4421 in
866 4347 965 4443 ipsas
988 4373 1103 4444 usque
1120 4350 1251 4422 domus
