2834 4964
688 239 732 287 IO

132 470 151 567 ξ
182 492 211 539 2.
257 467 523 538 Memnonen
541 490 569 538 A
587 489 762 538 ownnsts
782 488 968 538 CORPORIS
986 488 1288 537 conotctonnsos

570 619 837 668 onenoneTAE.

158 803 297 877 Passim
337 804 494 900 scriptor
534 817 660 876 noster
700 803 903 889 vocabula,
922 863 925 870 .
944 804 993 874 ad
1032 806 1229 874 sanitatem
1269 817 1311 877 et

107 936 371 1032 aegritudinem
391 933 556 1029 corporis
575 933 799 1029 spectantia,
816 958 927 1006 sensu
941 934 1119 1006 translato
1138 953 1313 1032 usurpat.

107 1065 167 1138 Sic
205 1069 410 1162 ὑγιαίνειν
446 1064 587 1159 tropice
625 1063 760 1137 dictum
797 1063 1018 1136 invenimus:
1054 1088 1142 1159 pag.
1182 1089 1235 1138 20
1265 1070 1309 1142 F.

107 1198 305 1292 ὑγιαίνουσαι
333 1195 423 1275 δόξαι
440 1197 515 1290 περί
533 1195 643 1290 θεῶν,
661 1219 749 1289 pag.
773 1199 818 1284 87
840 1194 881 1264 Ε.
902 1197 1104 1289 ὑγιαίνουσαν
1122 1197 1311 1295 πολιτείαν,

105 1349 193 1419 pag.
222 1343 298 1413 479
318 1322 366 1394 A.
394 1326 486 1417 γένος
512 1325 565 1396 καί
593 1327 676 1404 οἶκος
703 1327 852 1420 ὑγιαίνει,
870 1322 905 1394 in
925 1321 1000 1395 vita
1020 1321 1174 1395 Galbae.
1196 1349 1229 1396 c.
1254 1351 1304 1418 24

106 1478 195 1549 pag.
229 1457 323 1542 1064
344 1452 389 1522 Α.
417 1454 611 1546 ὑγιαίνοντος
639 1455 877 1551 στρατοπέδου,
903 1451 938 1523 in
961 1451 1036 1525 vita
1056 1451 1264 1529 Othonisc
1286 1480 1305 1551 5

106 1608 194 1678 pag.
225 1587 319 1672 1069
340 1581 387 1652 A.
407 1583 447 1678 ἦν
472 1581 530 1676 μὲν
554 1581 629 1651 οὐδὲ
642 1581 683 1651 τά
696 1589 762 1651 τῶν
777 1583 943 1676 πολεμίων
959 1585 1155 1678 ὑγιαίνοντα,
1174 1582 1211 1654 in
1228 1586 1310 1660 vita

105 1712 243 1785 Dionis.
269 1736 298 1783 e.
323 1735 368 1801 41
397 1734 486 1806 pag.
507 1714 581 1800 976
603 1708 649 1779 A.
674 1711 766 1780 οὐδὲν
790 1712 928 1805 ὑγιαῖνον
954 1714 988 1781 ἐν
1011 1719 1055 1808 τῇ
1075 1714 1169 1784 πόλει
1184 1719 1310 1815 μέρος,

104 1843 138 1915 in
166 1843 243 1915 vita
271 1839 408 1913 Dionis.
438 1865 467 1911 c.
495 1863 536 1910 12
558 1863 646 1933 pag.
667 1844 738 1928 963
762 1838 801 1909 Β.
822 1839 1027 1936 ὑγιαινούσης
1042 1842 1307 1940 ἀριστοκρατίας.

124 2015 127 2021 ·
157 1969 349 2068 Ὺγιεινός
376 1972 485 2064 *pag
519 1992 587 2060 147
619 1968 657 2041 C.
687 1971 837 2064 ὑγιειναῖς
864 1970 1034 2066 χρώμενος
1062 1970 1215 2064 ὁμιλίαις.

156 2096 289 2197 Ὑγι·ί,ς
330 2101 440 2194 *pag
488 2120 581 2189 1074
620 2100 660 2169 E.
693 2101 816 2168 'e'vvotnv
844 2098 939 2192 ὑγιῆ,
966 2095 1000 2167 in
1028 2095 1102 2168 vita
1132 2097 1306 2178 Othonis.

106 2254 135 2300 c.
166 2253 186 2319 3
216 2253 303 2323 pag.
339 2234 432 2319 1067
463 2229 510 2300 D.
539 2229 631 2299 οὐδὲν
659 2227 744 2324 ὑγιὲς
773 2226 1008 2320 διανοούμενος.

162 2359 250 2431 Non
292 2358 408 2430 minus
449 2357 622 2453 frequens
663 2368 719 2428 est
758 2378 847 2426 usus
888 2356 1159 2450 metaphoricus
1196 2364 1308 2436 verbi

104 2499 234 2561 νοσεῖν
275 2502 313 2560 et
353 2487 505 2559 nominis
546 2490 713 2583 νόσημα.
768 2485 869 2556 Mala
909 2500 1032 2557 autem
1073 2486 1150 2559 fere
1178 2492 1307 2565 omnia

103 2618 255 2691 hominis
291 2619 352 2690 vel
388 2618 438 2690 rei
474 2617 644 2712 publicae
682 2641 765 2687 cum
793 2615 928 2687 morbis
957 2616 1121 2710 corporis
1149 2644 1306 2716 compa-

104 2763 240 2820 rantur.
295 2750 338 2820 V.
380 2772 409 2821 c.
450 2747 484 2818 in
522 2746 596 2819 vita
634 2745 741 2817 Arati
776 2771 806 2817 c.
846 2769 864 2816 2
894 2770 981 2841 pag.
1016 2770 1109 2838 1027
1139 2749 1178 2820 F.
1206 2754 1305 2833 πόλις

105 2886 245 2950 νοσοῦσα
272 2880 325 2950 καλ
352 2880 598 2975 ταραττομένη,
625 2875 657 2946 in
687 2874 761 2947 vita
787 2877 920 2949 Thesei
947 2903 977 2949 c.
1012 2902 1052 2949 12
1082 2902 1169 2973 pag.
1201 2904 1220 2972 5
1253 2884 1304 2955 D.

104 3009 188 3076 οἶκον
216 3013 387 3097 νοσοῦντα,
415 3003 449 3075 in
477 3004 552 3077 vita
580 3004 687 3076 Arati
714 3030 744 3077 c.
772 3029 823 3097 40
849 3031 936 3101 pag.
971 3014 1065 3098 1046
1093 3007 1140 3081 A.
1165 3011 1304 3108 πλῆθος

102 3142 237 3227 νοσοὺν,
264 3157 352 3227 pag.
382 3157 454 3224 324
485 3134 531 3205 A.
560 3131 700 3236 Ἰβηρίαν
728 3135 892 3234 Σερτορίῳ
921 3139 1185 3234 συννοσήσασαν,
1209 3164 1302 3236 pag.
1328 3229 1331 3233 ⁴

104 3267 181 3352 446
212 3261 257 3331 A.
284 3263 344 3357 τὴν
371 3266 471 3361 κρίσιν
498 3266 569 3360 ’ἔχει
595 3273 643 3360 τῷ
669 3264 771 3335 πάθει
790 3271 1015 3336 συννοσοῦσαν.
1044 3266 1135 3360 Pag.
1155 3273 1229 3356 462
1252 3271 1303 3340 D.

105 3389 281 3484 legimus:
318 3398 423 3460 νοσεῖν
449 3394 526 3489 περί
549 3418 598 3485 τι,
625 3392 863 3463 vehementer
890 3416 1025 3486 cupere
1053 3395 1188 3491 aliquid
1217 3398 1303 3494 (nos

106 3517 275 3590 dicimus:
303 3519 375 3589 ziela
402 3520 472 3614 κρα
500 3545 597 3590 naar
624 3524 710 3609 ιἀίι).
765 3521 804 3591 In
831 3520 906 3592 vita
933 3522 1169 3597 Timoleontis
1197 3551 1228 3598 e.
1250 3551 1300 3619 37

102 3673 192 3743 pag.
224 3668 294 3739 254
325 3647 363 3718 B.
393 3646 522 3719 seditio
550 3650 680 3746 νόσημα
707 3649 845 3731 dicitur,
875 3649 909 3721 in
936 3651 1010 3723 vita
1039 3654 1176 3727 Dionis.
1197 3680 1227 3727 e.
1247 3681 1299 3749 47

104 3802 192 3873 pag.
223 3782 296 3867 978
322 3777 364 3847 E.
384 3779 587 3874 δημοκοπίαν
606 3779 761 3873 ἐπιμανὲς
780 3780 910 3875 νόσημα
928 3798 1059 3868 vocat,
1078 3808 1166 3879 pag.
1186 3809 1236 3876 49
1258 3789 1299 3861 C.

103 3913 126 4005 ἡ
163 3909 317 3980 κολακεία
352 3907 483 4001 νόσημα
519 3908 613 3975 οῖκοιν
648 3907 701 3976 καί
727 3908 926 4003 πραγμάτων
961 3914 1111 4007 μεγάλων
1146 3914 1299 4004 dicitur,

105 4035 149 4108 cf.
178 4035 286 4108 etiam
314 4037 425 4129 *pag
460 4053 522 4122 171
549 4032 610 4117 E„
640 4055 685 4123 34
709 4033 769 4119 E.,
801 4037 929 4123 7oA,
957 4062 1029 4134 455
1052 4043 1092 4115 B.

156 4165 389 4262 Νοσίιὺης,
431 4163 563 4234 tumbis
594 4163 782 4247 ιιίικυκίαι,
822 4164 869 4235 (lo
899 4167 970 4241 vita
999 4172 1143 4267 flagitiis
1171 4177 1298 4250 dedita

105 4294 240 4367 dictum
271 4292 447 4378 occurrit,
475 4316 562 4387 pag.
598 4298 691 4362 1128
717 4291 758 4361 E.
786 4295 939 4375 νοσιίιδεις
967 4298 1065 4399 βίους.
