2834 4964
684 258 728 330 25

105 459 228 518 motus
255 443 366 517 totius
393 443 562 539 principis
589 443 732 516 animae
758 443 891 538 partis,
927 444 1160 518 assensiones
1187 459 1301 541 atque

105 577 283 672 impetus,
324 574 481 671 denique
529 587 635 647 actus
675 575 875 670 quosdam,
921 574 983 670 qui
1023 574 1189 648 facillime
1231 575 1302 648 alio
1403 596 1405 603 ’

107 705 292 790 recidant,
328 728 422 800 quas
458 703 675 776 affectiones
713 728 796 776 cum
816 704 1071 799 puerulorum
1108 704 1303 800 impetibus

108 848 319 930 comparat,
360 833 629 908 vehementiam
673 832 923 906 imbecillitatis
965 859 1079 908 causa
1125 835 1303 908 lubricam

107 965 330 1040 habentibus
358 978 396 1037 et
421 964 708 1037 inconstantem:
755 966 832 1035 ἔνιοι
859 965 895 1035 δέ
922 992 1014 1061 τρασι,
1045 967 1098 1037 καὶ
1126 966 1304 1061 ἐπιθυμίαν

109 1099 163 1169 καὶ
190 1097 290 1194 ἀργὴν
320 1096 373 1166 καλ
412 1095 514 1195 φόβον
554 1095 607 1166 καί
646 1095 687 1166 τά
726 1100 859 1165 τοιαῦτα
885 1093 991 1164 πάντα
1019 1094 1113 1173 δόξας
1141 1097 1222 1165 εἶναι
1250 1095 1304 1165 καλ

109 1227 228 1322 κρίσεις
255 1222 421 1320 πονηράς,
457 1223 494 1292 οὐ
521 1223 596 1319 περὶ
623 1221 657 1293 ἕν
683 1248 714 1292 τι
740 1223 930 1317 γιγνομένας
957 1228 1017 1318 τῖγς
1045 1222 1154 1318 ψυχῆς
1183 1224 1302 1320 μέρος,

110 1352 183 1423 ἀλλ’
211 1350 287 1422 όλου
319 1356 375 1422 τοῦ
407 1354 601 1447 ἡγεμονικοῦ
629 1349 731 1450 ῥοπὰς
759 1350 812 1420 καί
839 1349 939 1428 εἴξεις
966 1351 1019 1420 καί
1046 1349 1302 1445 συγκαταθέσεις

90 1481 164 1551 καλ
199 1480 322 1578 όρμός,
358 1480 410 1550 καί
443 1478 527 1558 όλως
564 1481 728 1576 ἐνεργείας
763 1477 850 1557 τινὰς
886 1477 985 1556 οόσας
1018 1481 1051 1548 ἐν
1079 1479 1179 1575 ὀλίγῳ
1209 1505 1306 1573 μετα-

110 1608 259 1701 πτωτάς,
287 1608 400 1704 ὥσπερ
428 1611 462 1678 αἱ
487 1615 553 1677 τῶν
579 1608 718 1678 παιδίων
738 1604 814 1702 (Sic
833 1604 926 1677 enim
943 1629 1027 1676 cum
1048 1606 1305 1679 Herwerdeno

45 1808 52 1820 ,
109 1735 145 1807 in
187 1737 320 1807 Mnem.
360 1741 450 1825 1891
496 1759 589 1834 pag,
621 1741 690 1826 285
733 1735 932 1830 legendum
974 1749 1030 1808 est
1070 1761 1138 1830 pro
1166 1738 1301 1809 παίδων.

110 1866 163 1939 Cf.
191 1865 394 1961 infrapag.
409 1889 432 1955 4
438 1871 484 1958 58
513 1863 574 1962 D.)
603 1867 776 1965 ἐπιδρομαλ
801 1870 838 1963 τδ
853 1858 1008 1962 Ῐραγδαῖον
1035 1868 1088 1938 καί
1110 1869 1146 1937 τδ
1165 1869 1305 1966 σφοδρδν

110 1997 293 2092 ἐπισφαλές
312 1991 372 2067 ὑπ’
400 1996 573 2075 ἀσθενείας
600 1996 653 2066 καί
681 1995 837 2095 ἀβέβαιον
864 1996 1005 2091 ἔχουσιν.

163 2133 255 2228 Pag.
283 2157 306 2223 4
313 2139 359 2226 58
379 2134 426 2204 D.
467 2131 667 2205 ulciscendi
706 2131 760 2204 sui
800 2131 997 2218 rationem,
1039 2157 1136 2228 quae
1173 2135 1221 2205 ab
1253 2132 1306 2204 ira

108 2265 317 2357 dependet,
345 2263 562 2358 plerumque
590 2262 836 2347 inefficacem,
865 2276 906 2334 ut
933 2288 1030 2359 quae
1058 2262 1134 2335 fere
1161 2262 1196 2332 in
1211 2287 1305 2334 mor-

110 2417 191 2464 sum
219 2391 415 2477 labiorum,
445 2392 688 2464 frendendum
716 2391 904 2475 dentibus,
930 2417 1046 2465 vanas
1070 2392 1305 2491 incursiones,

112 2522 325 2615 maledicta,
354 2523 484 2595 stultas
511 2523 685 2594 habentia
713 2523 845 2610 minaS‚
873 2523 1085 2610 insumatur,
1105 2548 1149 2595 ac
1174 2522 1306 2595 deinde

110 2651 279 2738 ridicule,
301 2666 501 2748 antequam
524 2653 573 2724 ad
595 2655 723 2739 finem,
746 2654 795 2725 ad
814 2679 923 2748 quem
943 2653 1156 2740 festinabat,
1176 2678 1306 2748 perve-

112 2782 250 2870 niatur,
300 2785 396 2856 ultro
442 2783 631 2866 concidat,
683 2798 876 2878 comparat
922 2809 1005 2856 cum
1051 2782 1230 2879 pueruIiS,
1271 2782 1306 2853 in

111 2937 224 2986 cursu
252 2899 302 2986 ob
338 2913 465 2987 virium
493 2913 689 2987 exilitatem
724 2913 1002 2987 concidentibus
1030 2927 1230 3007 antequam
1258 2914 1307 2984 ad

113 3045 222 3115 finem
251 3044 480 3139 propositum
508 3044 743 3156 perveniant:
785 3045 870 3116 ἀλλὰ
896 3046 949 3116 καί
976 3047 1057 3142 πρδς
1085 3045 1209 3138 ἄμυναν
1237 3043 1307 3138 ἅμα

115 3184 247 3244 σκοπῶν
287 3178 340 3246 τδν
381 3170 419 3246 δι’
446 3179 545 3273 ἀργῆς
584 3177 703 3274 τρόπον
744 3175 907 3271 ἄπρακτον
948 3175 1086 3271 εὑρίσκω
1112 3172 1154 3243 τὰ
1180 3172 1307 3266 πολλὰ,

112 3302 259 3398 δήγμασι
299 3304 420 3399 χειλῶν
460 3305 513 3374 καί
553 3306 698 3401 πρίσεσιν
740 3304 877 3374 ὀδόντων
904 3302 957 3373 καλ
984 3309 1090 3380 κεναῖς
1118 3302 1307 3398 ἐπιδρομαῖς

111 3431 167 3500 καί
196 3430 421 3530 βλασφημίαις
450 3431 587 3510 ἀπειλὰς
615 3432 773 3529 ἀνοήτους
801 3429 954 3527 ἐχούσαις
983 3430 1307 3522 καταναλισκόμενον,
1411 3517 1414 3523 Α

114 3556 176 3628 εἶθ’
204 3559 317 3656 ὥσπερ
352 3561 386 3628 ἐν
412 3567 478 3638 τοῖς
506 3560 636 3657 δρόμοις
668 3559 709 3629 τὰ
735 3559 850 3630 παιδία
877 3566 925 3655 τῷ
952 3558 999 3653 μὴ
1027 3565 1154 3654 κρατεῖν
1182 3560 1307 3627 ἑαυτῶν

114 3690 422 3784 προκαταπίπτοντα
447 3694 503 3759 τοῦ
531 3688 643 3766 τέλους
672 3687 723 3783 ἐφ’
752 3687 769 3756 ό
797 3686 930 3757 σπεόδει
956 3687 1102 3781 γελοίως.

167 3815 258 3910 Pag.
286 3821 361 3906 469
390 3817 437 3887 D.
464 3814 646 3900 homines,
673 3840 747 3887 una
766 3813 887 3909 aliqua
905 3813 941 3884 in
960 3839 999 3886 re
1018 3813 1165 3884 fortuna
1184 3813 1307 3883 obtur-

114 3946 248 4037 bante‚
283 3945 403 4041 inique
431 3946 584 4018 ferendo
612 3958 649 4017 et
675 3939 912 4017 lamentando
941 3957 1066 4016 cetera
1093 3940 1214 4013 omnia
1242 3939 1305 4013 sibi

113 4075 249 4148 inutilia
285 4078 500 4159 reddentes,
544 4089 736 4171 comparat
764 4100 847 4147 cum
873 4073 1052 4169 puerulis,
1083 4071 1145 4167 qui
1171 4071 1200 4144 si
1228 4069 1308 4166 quis

114 4207 337 4280 ludicrarum
377 4232 497 4280 rerum
538 4232 649 4278 unam
689 4204 773 4301 ipsis
814 4204 975 4289 auferat,
1017 4201 1163 4297 reliquis
1199 4201 1308 4274 etiam

115 4338 285 4411 omnibus
319 4337 509 4433 proiectiS,
546 4337 695 4432 plorant
733 4348 846 4430 atque
891 4332 1156 4406 vociferantur:
1195 4332 1308 4409 ὥσπερ
