2834 4964
680 262 732 329 92

103 455 172 528 τοῖς
207 448 281 546 περί
316 448 413 520 αὐτόν
448 448 710 543 ἐπισιτιζόμενος
745 474 776 517 κ.
795 474 824 517 τ.
844 448 875 517 λ.
926 444 979 518 Cf.
1010 468 1100 540 pag.
1135 467 1208 538 525
1243 445 1303 532 C.‚

113 596 181 668 125
212 575 252 646 Ε.

156 703 194 775 Α
221 703 449 777 munimentis
476 719 514 776 et
541 703 731 777 obsidione
759 704 915 799 scriptor
941 703 1095 799 sumpsit
1114 707 1302 801 metapho-

108 858 189 931 ras⁷
215 835 319 907 velut
344 858 433 929 pag.
464 839 537 927 558
552 835 609 916 D„
639 833 702 907 ubi
727 833 765 906 id
787 836 890 930 quod
917 833 1054 907 dictum
1083 849 1162 918 est,
1191 837 1301 908 muni-

103 977 264 1036 mentum
291 977 422 1049 vocat,
451 962 636 1036 obiectum
663 963 869 1037 hominibus
896 965 999 1038 nimis
1026 965 1172 1038 acerbis
1200 979 1238 1038 et
1253 969 1300 1039 ad

104 1092 387 1189 vituperandum
415 1092 629 1189 propensis:
657 1094 840 1167 καὶταῦτα
867 1098 938 1191 μέν,
966 1097 1077 1192 ἔφην,
1106 1097 1222 1195 ὥσπερ
1251 1100 1301 1168 ἀν

105 1225 315 1323 τιφράγματά
355 1251 406 1296 σοι
445 1223 569 1295 κείσθω
609 1226 690 1321 πρδς
723 1224 804 1319 ἄγαν
830 1223 963 1322 πικρυδς
990 1225 1044 1295 καί
1071 1227 1304 1323 κατηγορικοὺς

106 1355 258 1433 ἐκείνους.

156 1482 247 1576 Pag.
291 1503 364 1572 344
394 1481 441 1552 D.
483 1481 530 1552 de
559 1481 767 1576 Lymnae0,
796 1480 1029 1566 Ptolemae0‚
1057 1479 1148 1567 aliis,
1177 1482 1240 1576 qui
1266 1482 1300 1553 in

102 1610 242 1707 proelio
287 1624 374 1683 ante
419 1635 549 1705 regem
593 1608 845 1682 Alexandrum
890 1609 1148 1696 constiterant,
1193 1611 1301 1684 dicit:

101 1749 211 1841 τεῖχος
237 1743 358 1840 ἀρετῆς
392 1741 491 1837 ἦσαν.

155 1868 415 1968 Διορὺπτειν
447 1890 558 1941 sensu
591 1869 769 1941 translato
797 1867 955 1962 positum
982 1868 1187 1942 invenimus
1214 1894 1301 1965 pag.

105 2003 151 2088 87
169 1996 231 2070 C.:
285 1998 460 2096 διορύττων
487 1998 529 2071 τὰ
557 2000 804 2101 βουλευόμενα,
831 1996 851 2069 i.
867 2021 897 2070 e.
925 2011 1114 2093 tamquam
1141 2024 1211 2094 per
1239 2025 1300 2072 cu-

103 2126 243 2200 niculos
270 2125 454 2222 inquirens
480 2127 515 2198 in
544 2126 702 2200 consilia.

156 2255 392 2352 Comparatio
430 2259 479 2328 ab
516 2258 690 2329 obsidione
716 2258 829 2329 ducta
856 2257 991 2352 legitur
1017 2281 1104 2353 pag.
1133 2280 1209 2351 454
1239 2261 1300 2345 A„

80 2367 166 2459 ubi
192 2387 429 2472 Plutarchus,
457 2411 576 2481 agens
603 2387 651 2458 de
680 2387 888 2459 cohibenda
914 2387 984 2470 ira,
1024 2387 1111 2460 dicit
1138 2388 1301 2461 remedia

103 2518 281 2590 adversus
308 2515 397 2587 iram
425 2540 446 2588 e
473 2515 701 2611 philosophia
730 2518 924 2612 desumpta
952 2516 1058 2590 nobis
1080 2518 1116 2588 in
1139 2518 1300 2592 animum

104 2646 372 2742 comportanda
408 2668 509 2728 esse,
545 2646 638 2719 sicut
666 2645 896 2720 obsidionem
923 2662 1186 2743 exspectantes
1214 2663 1301 2722 ante

102 2776 257 2850 hostium
285 2777 484 2851 adventum
504 2776 712 2849 necessaria
731 2777 766 2848 in
786 2779 915 2850 urbem
936 2791 1163 2873 congerunt:
1184 2781 1300 2878 ὥσπερ

102 2912 133 2978 oi
163 2909 351 3005 πολιορκίαν
377 2907 634 3005 πρυςδεχόμενυι
661 2908 834 3003 συνάγουσι
860 2909 914 2979 καί
939 2909 1179 3007 παρατίθενται
1210 2911 1303 2980 τάπι-

102 3035 220 3132 τήδεια
255 3035 312 3115 τὰς
348 3034 473 3117 ἔξωθεν
508 3037 644 3115 ἐλπίδας
680 3037 930 3132 ἀπεγνωκότες,
963 3034 1049 3108 otro
1077 3038 1223 3132 μάλιστα
1252 3040 1305 3110 δεῖ

102 3162 144 3235 τὰ
182 3165 263 3261 πρδς
302 3165 357 3235 τδν
398 3164 504 3260 δυμδν
546 3164 750 3266 βοηθήματα
789 3164 963 3262 πόρρωθεν
999 3165 1229 3266 λαμβάνοντας
1264 3170 1300 3237 ἐκ

103 3293 300 3388 φιλοσοφίας
344 3293 573 3388 κατακομίζειν
620 3295 666 3372 εἰς
710 3293 772 3388 τὴν
813 3293 947 3389 ψυχήν,
988 3292 1164 3386 oestro
1194 3298 1300 3390 ὁτῆς

102 3423 216 3518 χρείας
243 3421 403 3518 ἀφίκηται
430 3420 556 3518 καιρός,
584 3421 633 3516 μὴ
661 3421 781 3518 ῥᾳδίως
809 3419 1021 3518 παρεισάγειν
1043 3422 1298 3518 δυνησομένους.

103 3546 154 3621 cf.
183 3571 269 3644 pag.
300 3554 347 3638 87
364 3549 425 3634 E„
447 3571 535 3643 pag.
565 3570 609 3638 91
629 3548 668 3618 Β.

154 3687 218 3759 Ad
258 3686 496 3783 proverbium
532 3699 696 3782 spectat,
724 3687 827 3781 quod
853 3686 1010 3782 legimus
1036 3711 1124 3782 pag.
1153 3710 1200 3778 41
1234 3689 1297 3758 Β.;

102 3822 148 3898 ὡς
188 3819 250 3915 γὰρ
277 3818 442 3913 πολέμου,
469 3818 524 3889 καί
551 3816 740 3915 ἀκροάσεως
767 3818 876 3889 πολλὰ
903 3819 944 3890 τὰ
972 3819 1051 3890 κενά
1078 3821 1190 3912 ἐστιν,
1217 3814 1237 3888 i.
1266 3843 1295 3890 e.

102 3960 142 4018 ut
182 3945 217 4016 in
258 3944 357 4017 bello
398 3968 519 4040 pauca
555 3958 662 4031 sunt,
699 3969 795 4040 quae
823 3969 899 4017 rem
927 3945 1045 4040 ipsam
1072 3946 1297 4032 conficiant,

102 4075 280 4170 pleraque
317 4075 409 4146 fiunt
449 4073 620 4170 opinione
661 4087 699 4145 et
739 4075 1011 4161 ostentatione,
1048 4074 1097 4148 ita
1125 4075 1236 4149 etiam
1264 4076 1297 4148 in

76 4203 292 4303 ¹auditione
338 4203 450 4276 multa
494 4201 614 4275 inania
658 4217 751 4276 sunt.
821 4205 881 4276 De
925 4204 1124 4301 proverbio
1171 4207 1297 4279 confer

103 4332 265 4428 Diogen.
306 4332 391 4418 VII,
423 4338 491 4422 80,
520 4332 582 4405 ubi
608 4334 780 4406 adnotat:
808 4335 916 4406 πολλὰ
943 4335 1022 4407 κενὰ
1049 4342 1106 4408 τοῦ
1133 4339 1292 4432 πολέμου.
