2834 4964
685 211 735 296 48

113 407 251 504 ἔξαρχος
288 416 387 505 χοροῦ
424 417 491 480 τῶν
526 413 601 510 περλ
637 407 849 512 Ἀλέξανδρον
884 418 1031 488 κολάκων
1068 422 1121 492 καλ
1150 427 1312 522 σοφιστὴς

110 543 297 633 κορυφαῖος.
361 535 422 608 Sic
457 562 547 632 pag.
589 562 662 630 317
693 541 735 612 E.
770 543 989 637 reperimus:
1036 553 1139 647 ὁτῆς
1174 548 1312 651 Ἀρετῆς

109 665 225 760 χορός,
253 689 340 759 pag.
368 672 444 756 406
469 669 516 739 A.
543 675 561 742 ὁ
587 669 762 752 Πλάτωνος
792 676 900 772 χορός.

161 794 252 888 Pag.
279 816 355 887 479
384 796 431 868 A.
460 796 613 870 fratrum
641 801 881 874 concordium
917 803 1022 878 amici
1049 820 1087 878 et
1114 806 1310 883 familiares

110 939 374 1019 comparantur
414 952 498 1000 cum
540 930 654 1002 choro
696 944 797 1003 recte
838 931 1011 1007 instituto
1076 936 1177 1009 Nihil
1215 938 1307 1012 enim

108 1051 234 1126 dicunt
279 1081 348 1128 nec
395 1056 533 1130 faciunt
578 1059 801 1134 concordiae
843 1064 1084 1137 contrarium:
1125 1069 1219 1164 φίλοι
1260 1071 1309 1142 καὶ

107 1184 261 1280 συνήθεις
302 1187 415 1285 ὥσπερ
456 1190 606 1286 ἐμμελὴς
646 1193 743 1288 χορθς
784 1193 877 1264 οὐδὲν
918 1195 992 1266 οὔτε
1040 1197 1227 1294 πράσσουσι
1267 1206 1308 1296 τῇ

55 1354 59 1360 -
106 1313 315 1410 ὁμοφροσύνῃ
344 1317 485 1387 ἐναντίον
513 1317 587 1388 οὔτε
614 1319 775 1413 λέγουσιν.

160 1449 251 1544 Pag.
296 1470 369 1543 599
398 1453 438 1522 B.
465 1452 500 1523 in
528 1455 640 1527 rebus
668 1453 835 1528 adversis
864 1452 970 1526 nobis
997 1478 1070 1524 non
1100 1477 1196 1548 opus
1226 1478 1305 1527 esse

106 1577 175 1664 ait,
212 1579 273 1674 qui
311 1606 384 1653 una
412 1581 602 1656 nobiscum
631 1584 733 1657 chori
759 1584 793 1655 in
822 1584 971 1656 modum
999 1581 1131 1677 tragici
1159 1584 1304 1678 plorent

106 1722 218 1804 atque
241 1710 505 1783 lamententur:
530 1716 567 1784 οὐ
590 1715 651 1812 γὰρ
676 1716 935 1812 συνδακρυόντων
958 1713 1010 1784 καὶ
1030 1712 1300 1811 συνεπιθρηνοόν

31 1826 33 1831 ’
106 1866 190 1932 των,
235 1841 349 1938 ὥσπερ
393 1850 502 1939 χορῶν
547 1851 726 1940 τραγικῶν,
771 1845 805 1913 ἐν
849 1849 914 1921 τοῖς
954 1841 1151 1941 ἀβουλήτοις
1192 1846 1301 1940 χρείαν

106 1968 237 2063 ἔχομεν.

157 2095 397 2194 Χορηγεῖν,
435 2098 582 2194 proprie
610 2100 758 2171 chorum
788 2102 987 2182 instruere,
1014 2098 1211 2194 choragum
1240 2127 1300 2171 esse

104 2223 333 2318 significans,
362 2251 509 2301 sensum
528 2228 749 2325 praebendi,
771 2226 1031 2323 suppeditandi
1044 2227 1179 2323 accipit
1192 2232 1297 2325 *pag

106 2378 126 2444 3
164 2354 221 2427 C:
258 2361 280 2454 ἡ
314 2357 409 2454 φάσις
443 2361 539 2431 παντὶ
565 2356 643 2457 ζῴῳ
671 2361 793 2430 τεκόντι
819 2361 880 2454 τὴν
907 2365 963 2429 τοῦ
990 2358 1149 2453 γάλακτος
1178 2362 1298 2457 τρυφὴν

106 2486 325 2583 ἐχορήγησεν.

156 2614 211 2685 Ex
249 2613 465 2687 histrionum
506 2641 574 2710 per
612 2616 735 2688 larvas
771 2615 946 2711 loquendi
974 2640 1076 2687 more
1103 2614 1295 2711 imaginem

106 2742 262 2837 scriptor
302 2744 429 2839 petivit
468 2770 555 2840 pag.
597 2769 670 2837 404
713 2747 771 2817 B.:
813 2748 866 2818 καλ
903 2748 950 2843 μὴ
985 2746 1171 2840 νομίζωμεν
1204 2749 1296 2818 αὐτὸν

104 2875 224 2944 ἐκεῖνον
260 2873 346 2972 (scil.
373 2880 427 2948 τόν
454 2877 546 2970 θεὸν)
574 2880 654 2948 εἶναι
681 2879 735 2947 τὸν
761 2875 802 2946 τὰ
829 2877 895 2971 ἔπη
924 2873 1113 2945 συντιθέντα
1140 2877 1295 2973 πρότερον

102 3003 154 3072 καὶ
195 3011 248 3074 νῦν
289 3006 517 3105 ὑποβάλλοντα
551 3013 595 3103 τῇ
630 3004 742 3100 Πυθίᾳ
777 3004 850 3083 τοὺς
886 3002 1077 3100 χρησμούς,
1113 3002 1229 3102 ὥσπερ
1265 3006 1297 3074 ἐκ

102 3134 316 3226 προςωπείων
344 3133 578 3228 φθεγγόμενον.

155 3258 500 3357 Δορυφορήματα,
532 3270 651 3330 mulae
675 3271 866 3354 personae,
895 3256 1161 3352 comparationi
1187 3258 1296 3333 inser·

102 3386 206 3458 viunt
241 3412 328 3482 pag.
369 3410 437 3478 791
479 3390 531 3474 E„
568 3388 631 3460 ubi
667 3388 851 3460 Aridaeus
887 3413 970 3472 rex,
1006 3386 1161 3482 Philippi
1198 3388 1296 3484 regis

102 3516 347 3589 Macedoniae
376 3516 487 3603 filius,
516 3543 599 3590 cum
628 3532 727 3590 muta
754 3542 914 3612 persona
941 3516 976 3587 in
1004 3541 1118 3588 scena
1146 3542 1295 3614 compa-

101 3662 220 3717 ratur:
264 3646 589 3747 Ἀριδαῖος-ὥσπερ
626 3649 680 3718 ἐπὶ
716 3655 839 3744 σκηνῆς
876 3648 1090 3744 δορυφόρημα
1117 3651 1230 3744 κωφθν
1257 3651 1296 3746 ῆν

100 3779 202 3872 ὄνομα
230 3779 393 3877 βασιλέως
420 3779 472 3848 καλ
498 3779 691 3875 πρόςωπον,
719 3775 763 3847 cf.
791 3798 879 3869 pag.
910 3795 982 3865 337
1013 3776 1053 3846 E.

152 3913 421 4009 Ἐκκυκλεῖν,
450 3915 550 4008 quod
576 3929 632 3986 est
655 3913 801 4009 proprie
826 3916 982 3985 evolvere
1004 3926 1063 4009 ope
1090 3917 1296 4014 ἐκκυκλή-

99 4072 253 4142 ματος,
289 4044 308 4115 i.
331 4070 361 4117 e.
399 4044 607 4126 machinae,
638 4069 734 4138 quae
763 4045 870 4116 affert
897 4069 956 4117 res
984 4043 1018 4114 in
1045 4069 1159 4117 scena
1187 4068 1294 4138 spec-

98 4173 248 4259 tardas,
280 4199 389 4247 sensu
417 4173 679 4269 patefaciendi‚
708 4172 918 4246 enuntiandi
945 4188 1100 4268 usurpat
1126 4198 1214 4269 pag.
1246 4180 1294 4247 80

99 4303 163 4373 A.:
193 4306 353 4376 ἐκκυκλεῖν
380 4333 409 4377 τι
437 4309 482 4384 εἰς
509 4306 648 4403 ἀγοράν,
677 4303 812 4399 aliquid
840 4303 1003 4398 perferre
1031 4303 1065 4373 in
1099 4302 1230 4376 forum.
