2834 4964
676 218 724 286 68

106 420 246 494 medica
284 419 483 515 iurgiorum
523 420 615 492 inter
652 419 830 514 coniuges
857 434 1030 492 vocatur:
1073 421 1295 521 Ἀφροδίτην,

106 554 215 650 ίατρδν
243 550 343 623 οὖσαν
371 558 437 622 τῶν
465 551 622 622 τοιούτων
650 551 799 647 ἀρίστην.

155 689 246 782 Pag.
276 693 320 760 61
353 689 399 760 D.
427 687 644 760 Plutarchus
671 710 799 758 verum
818 685 972 759 amicum
992 712 1137 782 semper
1156 688 1296 760 meliori

105 817 211 889 animi
249 816 343 913 parti
382 842 423 889 se
464 816 679 889 monitorem
719 817 1004 890 accommodare
1041 816 1182 904 dicens,
1212 844 1297 891 eum

104 959 309 1042 comparat,
331 971 414 1019 cum
433 946 591 1032 modim,
611 945 801 1019 sanitatem
820 946 971 1040 augenti
990 961 1026 1019 et
1041 949 1295 1021 conservanti:

105 1083 121 1150 ὁ
160 1079 220 1174 μὲν
262 1080 355 1175 φίλος
395 1079 448 1149 ἀεί
487 1085 537 1174 τῷ
576 1071 736 1175 κρείττονι
775 1073 859 1175 (scil.
899 1084 960 1173 τῆς
1000 1074 1122 1175 ψυχῆς)
1154 1080 1296 1178 πάρεστι

104 1206 305 1308 σύμβουλος,
325 1205 438 1304 ὥσπερ
465 1208 575 1303 ίατρδς
601 1209 639 1277 τδ
666 1208 808 1301 ὑγιαῖνον
836 1205 943 1286 αὔξων
971 1207 1027 1277 καί
1045 1208 1292 1304 διαφυλάττων.

155 1335 286 1406 lterum
326 1332 483 1406 amicum
524 1355 607 1406 cum
648 1331 790 1405 medico
831 1334 970 1406 confert
1008 1359 1096 1430 pag.
1138 1341 1185 1425 63
1227 1337 1294 1407 D.:

103 1465 280 1558 πολλάκις,
316 1463 429 1561 ὥσπερ
466 1466 575 1561 ὶατρδς
601 1464 717 1535 λαθὼν
746 1463 975 1561 ἐθεράπευσε,
1003 1466 1058 1536 καί
1085 1467 1178 1562 φίλος
1206 1469 1298 1562 ὠφέ·

103 1595 205 1689 λησεν
233 1593 425 1687 ἀγνοοῦντος
452 1591 681 1687 ἐπιμεληθείς.

154 1721 245 1814 Pag.
289 1740 332 1808 73
377 1717 424 1790 D.
464 1718 549 1791 dicit
588 1733 626 1791 et
664 1742 794 1791 verum
835 1718 989 1791 amicum
1026 1733 1063 1791 et
1089 1719 1292 1814 benignum

102 1863 241 1946 patrem
278 1862 315 1921 et
350 1847 560 1942 magistrum
597 1850 646 1921 ad
682 1874 822 1922 morum
850 1848 1142 1922 emendationem
1171 1850 1291 1944 magis

102 1979 271 2052 laudibus
297 2002 409 2074 quam
435 1977 758 2075 vituperationibus
784 1980 969 2073 gaudere,
989 2003 1208 2075 comparans
1228 2005 1295 2052 eos

104 2135 185 2182 cum
225 2107 342 2204 pen'to
383 2108 544 2195 mearco,
585 2109 711 2181 febrim
752 2134 881 2182 somno
921 2109 1041 2204 potius
1077 2124 1114 2181 et
1149 2109 1293 2195 cibatu,

103 2263 212 2334 quam
254 2237 410 2310 castorio
451 2252 488 2310 et
527 2238 713 2312 scamonio
754 2238 966 2334 depellenti:
1008 2247 1053 2319 ὡς
1089 2241 1149 2338 χὰρ
1183 2244 1293 2339 ίατρδς

103 2369 283 2465 εὐγνώμων
321 2368 463 2470 βούλοιτ’
501 2370 540 2439 ἂν
577 2367 670 2466 ὕπνῳ
706 2371 761 2441 καί
787 2377 898 2468 τροφῇ
924 2371 1050 2464 μᾶλλον
1077 2371 1101 2464 ἢ
1129 2373 1295 2467 καστορίῳ

103 2498 159 2569 καλ
198 2499 377 2593 σκαμωνίῳ
418 2499 455 2567 τδ
491 2497 621 2592 νόσημα
656 2500 754 2568 λῦσαι
789 2504 846 2568 τοῦ
881 2498 1082 2592 κάμνοντος,
1119 2495 1205 2568 οὕτω
1241 2499 1296 2569 καί

104 2628 197 2723 φίλος
238 2626 387 2720 ἐπιεικὴς
427 2626 482 2695 καί
517 2627 629 2723 πατὴρ
665 2627 810 2724 χρηστδς
845 2626 901 2696 καί
936 2626 1130 2705 διδάσκαλος
1167 2629 1298 2723 ἐπαίνῳ

104 2755 229 2849 μᾶλλον
257 2753 280 2847 ἢ
309 2754 401 2850 ψόγῳ
429 2755 539 2850 χαίρει
565 2756 645 2851 πρδς
672 2754 900 2852 ἐπανόρθωσιν
928 2753 1034 2849 ἤθους
1060 2754 1243 2850 χρώμενος.

155 2890 194 2960 ln
223 2913 382 2983 compar.
411 2888 539 2961 Dionis
567 2904 604 2962 et
632 2889 732 2962 Bruti
759 2915 789 2962 c.
820 2914 838 2960 2
868 2914 954 2985 pag.
990 2912 1085 2961 1010
1113 2889 1153 2960 B.
1201 2889 1296 2962 Cae-

103 3044 221 3092 sarem
258 3018 359 3090 velut
393 3018 610 3092 lenissimum
647 3019 825 3093 medicum
859 3018 1030 3090 rebusin
1058 3018 1297 3114 republica,

103 3149 208 3221 unius
252 3147 401 3221 alicuius
440 3148 627 3244 imperium
668 3148 952 3245 postulantibus,
995 3148 1162 3221 divinitus
1203 3149 1298 3222 obti-

103 3278 201 3374 gisse
238 3278 302 3350 ait:
340 3280 425 3352 ἀλλὰ
461 3280 515 3351 καί
551 3281 717 3375 δεομένοις
752 3282 843 3360 ἔδοξε
876 3277 961 3378 (scil.
999 3285 1016 3351 ὁ
1052 3279 1201 3378 Καῖσαρ)
1229 3288 1300 3361 τοῖς

103 3411 272 3507 πράγμασι
309 3411 489 3506 μοναρχίας
524 3410 710 3506 πρᾳότατος
746 3408 859 3507 ὥσπερ
888 3412 997 3507 ἰατρδς
1026 3408 1080 3479 ὑπ’
1110 3410 1209 3479 αὐτοῦ
1239 3417 1299 3480 τοῦ

104 3539 254 3632 δαίμονος
282 3536 448 3608 δεδόσθαι.

156 3665 195 3734 ln
223 3663 295 3735 vita
322 3661 450 3735 Dionis
478 3687 507 3734 c.
539 3684 583 3752 27
612 3688 699 3758 pag.
729 3684 800 3756 975
831 3665 877 3735 A.
932 3665 1029 3736 Dion
1058 3678 1300 3758 comparatur

105 3819 186 3866 cum
232 3792 393 3877 medico,
438 3792 757 3889 Syracusanorum
798 3792 998 3880 civitatem,
1039 3818 1062 3865 a
1102 3793 1299 3889 tyrannide

105 3925 205 3995 velut
239 3922 408 3995 diuturno
444 3925 574 3995 morbo
606 3922 814 4010 liberatam,
840 3922 875 3995 in
903 3938 1076 3996 accurata
1104 3937 1143 3995 et
1170 3923 1298 3996 sobria

106 4054 226 4127 diaeta
254 4053 439 4127 continere
468 4052 638 4148 cupienti:
667 4061 697 4126 οἱ
723 4054 751 4126 δ’
780 4052 864 4150 (scil.
884 4060 915 4126 οἱ
932 4051 1159 4152 Συρακούσιοι)
1179 4055 1298 4153 ὥσπερ

106 4188 143 4255 ἐκ
169 4193 294 4283 μακρᾶς
321 4186 503 4283 ἀρρωστίας
529 4190 590 4280 τῆς
616 4185 802 4281 τυραννίδος
829 4183 928 4262 εὐθὺς
954 4186 1197 4280 ἐπιχειροῦντες
1224 4185 1298 4264 ἐξα-

107 4313 283 4384 νίστασθαι
309 4313 364 4384 καί
389 4313 545 4410 πράττειν
573 4313 615 4383 τά
641 4320 707 4383 τῶν
736 4313 1028 4407 αὐτονομουμένων
1052 4311 1142 4408 παρὰ
1162 4313 1297 4410 καιρόν,
