2834 4964
679 244 724 311 82

102 448 212 521 mari:
254 453 299 528 ὡς
336 448 372 518 δέ
407 447 528 547 λάβρον
564 453 694 542 πνεῦμα
729 447 924 547 κυβερνῆται
959 448 1096 527 πολλαῖς
1133 457 1315 544 μηχαναῖξ

67 599 69 603 “
104 578 343 676 ὑποφεύγουσι,
366 576 576 670 παυσάμενον
596 575 632 645 δέ
646 576 699 646 καί
714 574 880 672 μαρανθὲν
897 577 1000 654 οῦδείς
1018 576 1116 646 πάλιν
1136 579 1315 673 ἐκριπίσαι.·

104 709 157 778 καί
193 708 352 777 διασεῖσαι
389 704 521 782 δυνατάς
550 705 655 795 ἐστιν,
689 701 792 780 ούτοις
819 705 899 799 προς
926 703 1030 800 ῦρεξιν
1059 705 1213 799 ἐνστῆναι
1241 705 1294 797 μέν

103 837 155 907 καί
195 834 332 905 κολάσαι
372 836 409 903 τύ
449 831 628 910 πλεονάζον
669 831 772 927 αὐτῆς
814 831 850 900 οῦ
892 832 978 925 μέγα
1013 832 1127 928 ἔργον,
1168 830 1237 928 ἤδη
1266 833 1300 902 δέ

103 964 287 1057 κάμνουσαν
323 963 386 1058 προ
422 965 533 1055 καιροῦ
569 959 623 1028 καί
650 957 938 1054 μαλθακιζομένην
971 959 1024 1029 καί
1056 959 1300 1030 ἀπολείπουσαν

102 1095 139 1162 τύ
171 1094 286 1161 οἰκεῖον
318 1091 454 1159 ἐντεῖναι
480 1087 533 1157 καί
561 1087 818 1182 ἀναζωπυρῆσαι
844 1087 1077 1183 παγχάλεπον,
1100 1085 1119 1158 ἱ.
1150 1112 1181 1159 e.
1210 1086 1303 1159 sicut

101 1217 222 1290 multis
236 1215 376 1289 artibus
390 1215 663 1309 gubernatores
676 1212 988 1287 vehementiorem
1002 1203 1153 1287 ventum
1169 1217 1301 1312 fugere

102 1361 272 1444 possunt,
301 1345 364 1418 ubi
391 1358 514 1416 autem
543 1342 724 1430 consedit,
752 1341 914 1417 excitare
942 1346 989 1416 de
1016 1344 1163 1440 integro
1194 1372 1303 1419 nemo

101 1491 242 1574 potest,
283 1475 333 1548 ita
376 1473 481 1547 facile
523 1472 666 1545 nimiam
708 1471 779 1545 cibi
818 1473 1068 1568 appetentiam
1103 1475 1303 1571 reprimere

104 1631 320 1704 possumus,
358 1627 611 1699 praepropere
648 1615 773 1674 autem
810 1603 1043 1677 deficientem
1081 1605 1303 1680 resuscitare

105 1761 291 1833 pergrave
320 1748 386 1807 est.

159 1876 410 1969 Συστέλλειν,
420 1870 567 1967 proprie
582 1872 629 1943 de
645 1872 731 1942 uelis
741 1873 994 1944 contrahendis
1003 1872 1304 1969 dictum,passim

104 2020 230 2079 noster
245 2001 440 2077 coercendi
455 2026 564 2074 sensu
579 2014 742 2095 usurpat.
765 2000 825 2074 Sic
840 2025 928 2097 pag.
947 2008 994 2094 89
1015 2003 1073 2075 E:
1102 2008 1125 2100 ἡ
1146 2005 1303 2104 εὐλάβεια

105 2136 327 2208 συστέλλουσα
359 2133 399 2204 τά
426 2131 543 2229 πάθη,
578 2154 667 2225 pag.
700 2151 746 2220 70
775 2132 836 2202 [λε
866 2133 946 2204 ὅταν
973 2135 1119 2204 ταπεινοί
1146 2137 1304 2229 γένωνται

104 2267 157 2336 καλ
176 2263 383 2358 συσταλῶσι,
398 2284 486 2356 pag.
512 2265 581 2332 128
602 2260 656 2331 F.:
686 2262 798 2359 ὥσπερ
815 2264 911 2333 ἱστίον
925 2265 961 2332 τύ
976 2270 1075 2356 σῶμα
1096 2263 1302 2355 συστέλλειν,

105 2417 193 2488 pag.
229 2390 706 2480 128A.,*111F.,471
740 2390 806 2475 D.‚
837 2411 912 2482 590
940 2389 978 2462 C.

158 2523 245 2593 Non
274 2519 430 2592 rariores
458 2533 543 2592 sunt
568 2518 653 2606 loci,
681 2519 743 2591 ubi
770 2543 905 2613 corpus
929 2544 1012 2591 cum
1032 2545 1127 2593 nave
1152 2544 1303 2615 compa-

104 2666 223 2737 ratur,
261 2649 475 2745 praesertim
504 2649 539 2721 in
566 2649 689 2722 libello
716 2663 921 2745 praecepta
948 2649 1111 2722 sanitatis
1139 2652 1302 2723 tuendae

104 2779 313 2854 continenti.
355 2779 416 2852 Sic
452 2804 541 2874 pag.
582 2785 651 2853 128
693 2780 733 2850 Β.
775 2804 931 2874 corpus,
980 2781 1083 2874 quod
1120 2781 1303 2853 cruditate

103 2913 279 2983 laborans
318 2909 352 2981 in
393 2909 566 2981 balneum
608 2908 774 2995 trahitur,
812 2923 1050 3003 comparatur
1086 2935 1169 2982 cum
1206 2937 1303 2983 nave

109 3039 228 3136 fragili
256 3053 293 3112 et
321 3038 473 3126 rimosa,
502 3065 598 3136 quae
617 3039 652 3111 in
672 3064 772 3112 mare
791 3039 1003 3113 deducitur:
1031 3041 1114 3113 πολὺ
1134 3040 1161 3111 δ’
1176 3044 1306 3139 αἴσχιον

106 3173 145 3243 ἀν
172 3174 283 3269 φέροις
311 3172 453 3268 ἀπεψίαν
489 3172 543 3242 καί
570 3170 738 3272 βαρύτητα
766 3172 820 3241 καί
846 3172 1041 3267 πλησμονὴν
1069 3173 1224 3266 σώματος
1260 3177 1306 3250 εἰς

109 3301 278 3402 βαλανεῖον
315 3300 510 3393 ἑλκομένου,
546 3297 697 3395 καθάπερ
735 3301 781 3378 εἰς
818 3298 990 3371 θάλασσαν
1029 3299 1153 3397 σαθροῦ
1187 3301 1306 3371 πλοίου

106 3429 159 3500 καί
188 3429 235 3524 μὴ
265 3429 443 3522 στέγοντος.

157 3555 248 3649 Pag.
285 3575 352 3644 127
383 3555 421 3625 B.
450 3552 613 3626 homines
637 3553 774 3648 gulosi,
793 3553 855 3649 qui
875 3579 1011 3649 corpus
1030 3554 1132 3627 nimis
1151 3557 1305 3628 edendo

106 3697 281 3769 onerant,
331 3682 464 3755 deinde
515 3684 715 3778 purgando
760 3698 798 3756 et
842 3684 1050 3780 proluendo
1095 3701 1307 3772 evacuant,

107 3826 370 3908 comparantur
398 3837 481 3884 cum
509 3811 627 3886 stultis
654 3813 903 3899 naviculariis,
931 3813 1011 3910 qui,
1036 3814 1098 3887 ubi
1117 3815 1235 3887 multa
1255 3819 1307 3889 ob

103 3943 296 4016 avaritiam
323 3941 358 4013 in
381 3966 513 4015 navem
532 3942 785 4037 ingesserunt,
805 3943 950 4017 assidue
969 3944 1145 4040 deinceps
1164 3970 1307 4041 aquam

104 4072 296 4145 exhaurire
325 4085 529 4166 coguntur:
560 4074 613 4144 δεῖ
637 4075 707 4171 μή,
735 4074 886 4174 καθάπερ
915 4081 944 4146 οἱ
971 4075 1090 4171 ἀγαθοί
1108 4076 1308 4177 ναύκληροι,

106 4203 214 4273 πολλά
240 4198 280 4273 δι’
298 4204 482 4300 ἀπληστίαν
518 4202 758 4302 ἐμβαλόμενοι,
786 4203 977 4274 τούντεῦθεν
1004 4204 1071 4301 ἤδη
1100 4205 1308 4277 διατελοῦσιν

109 4332 296 4410 ἀντλοῦντες
322 4332 375 4402 καί
393 4333 638 4429 ὑπεξαιροῦντες
659 4332 718 4428 τὴν
737 4331 926 4426 θάλασσαν,
946 4330 1049 4412 ούτιυς
1065 4334 1307 4430 ἐμπλήσαντας
