<?xml version="1.0" encoding="UTF-8"?>
<!DOCTYPE html PUBLIC "-//W3C//DTD XHTML 1.0 Transitional//EN"
    "http://www.w3.org/TR/xhtml1/DTD/xhtml1-transitional.dtd">
<html xmlns="http://www.w3.org/1999/xhtml" xml:lang="en" lang="en">
 <head>
  <title>
</title>
<meta http-equiv="Content-Type" content="text/html;charset=utf-8" />
  <meta name='ocr-system' content='tesseract 3.04.00' />
  <meta name='ocr-capabilities' content='ocr_page ocr_carea ocr_par ocr_line ocrx_word'/>
</head>
<body>
  <div class='ocr_page' id='page_1' title='image "./decomparationib00drongoog_0150.png"; bbox 0 0 2834 4964; ppageno 0'>
   <div class='ocr_carea' id='block_1_1' title="bbox 105 109 1299 734">
    <p class='ocr_par' dir='ltr' id='par_1_1' title="bbox 105 109 1299 734">
     <span class='ocr_line' id='line_1_1' title="bbox 108 109 1299 214; baseline -0.001 -30"><span class='ocrx_word' id='word_1_1' title='bbox 108 113 307 214; x_wconf 76' lang='grc' dir='ltr'>ὑπερβατέον</span> <span class='ocrx_word' id='word_1_2' title='bbox 344 114 443 182; x_wconf 80' lang='grc' dir='ltr'>ἐστίν.</span> <span class='ocrx_word' id='word_1_3' title='bbox 506 111 734 209; x_wconf 76' lang='grc' dir='ltr'>Καὺαιρετέον</span> <span class='ocrx_word' id='word_1_4' title='bbox 774 109 1049 207; x_wconf 87' lang='lat' dir='ltr'>Wyttenbachii</span> <span class='ocrx_word' id='word_1_5' title='bbox 1075 125 1132 183; x_wconf 88' lang='lat' dir='ltr'>est</span> <span class='ocrx_word' id='word_1_6' title='bbox 1159 109 1299 183; x_wconf 89' lang='lat' dir='ltr'>coniec-</span> 
     </span>
     <span class='ocr_line' id='line_1_2' title="bbox 107 236 1299 339; baseline -0.002 -26"><span class='ocrx_word' id='word_1_7' title='bbox 107 257 206 326; x_wconf 87' lang='lat' dir='ltr'>tura,</span> <span class='ocrx_word' id='word_1_8' title='bbox 235 266 257 312; x_wconf 90' lang='lat' dir='ltr'>a</span> <span class='ocrx_word' id='word_1_9' title='bbox 285 241 466 313; x_wconf 78' lang='lat' dir='ltr'>Diibnero</span> <span class='ocrx_word' id='word_1_10' title='bbox 493 254 663 334; x_wconf 88' lang='lat' dir='ltr'>recepta,</span> <span class='ocrx_word' id='word_1_11' title='bbox 685 265 753 335; x_wconf 93' lang='lat' dir='ltr'>pro</span> <span class='ocrx_word' id='word_1_12' title='bbox 781 236 947 313; x_wconf 88' lang='lat' dir='ltr'>codicum</span> <span class='ocrx_word' id='word_1_13' title='bbox 975 244 1128 339; x_wconf 80' lang='grc' dir='ltr'>ἀναιρεῖν.</span> <span class='ocrx_word' id='word_1_14' title='bbox 1158 239 1299 312; x_wconf 87' lang='lat' dir='ltr'>Madvi-</span> 
     </span>
     <span class='ocr_line' id='line_1_3' title="bbox 105 368 1299 466; baseline 0 -24"><span class='ocrx_word' id='word_1_15' title='bbox 105 371 187 466; x_wconf 86' lang='lat' dir='ltr'>gius</span> <span class='ocrx_word' id='word_1_16' title='bbox 224 371 381 442; x_wconf 81' lang='lat' dir='ltr'>Advers</span> <span class='ocrx_word' id='word_1_17' title='bbox 420 368 535 445; x_wconf 90' lang='lat' dir='ltr'>Critic.</span> <span class='ocrx_word' id='word_1_18' title='bbox 576 395 664 465; x_wconf 91' lang='lat' dir='ltr'>pag.</span> <span class='ocrx_word' id='word_1_19' title='bbox 708 375 730 442; x_wconf 88' lang='lat'>6</span> <span class='ocrx_word' id='word_1_20' title='bbox 736 391 802 462; x_wconf 81' lang='lat'>54,</span> <span class='ocrx_word' id='word_1_21' title='bbox 843 371 998 443; x_wconf 89' lang='lat' dir='ltr'>alterum</span> <span class='ocrx_word' id='word_1_22' title='bbox 1030 369 1299 443; x_wconf 89' lang='lat' dir='ltr'>substantivum</span> 
     </span>
     <span class='ocr_line' id='line_1_4' title="bbox 106 498 1299 601; baseline 0 -28"><span class='ocrx_word' id='word_1_23' title='bbox 106 526 186 574; x_wconf 90' lang='lat' dir='ltr'>cum</span> <span class='ocrx_word' id='word_1_24' title='bbox 230 501 347 601; x_wconf 81' lang='grc' dir='ltr'>βάτους</span> <span class='ocrx_word' id='word_1_25' title='bbox 388 499 686 595; x_wconf 91' lang='lat' dir='ltr'>coniungendum</span> <span class='ocrx_word' id='word_1_26' title='bbox 726 498 762 571; x_wconf 92' lang='lat' dir='ltr'>in</span> <span class='ocrx_word' id='word_1_27' title='bbox 803 502 945 598; x_wconf 81' lang='grc' dir='ltr'>ἀναιρεῖν</span> <span class='ocrx_word' id='word_1_28' title='bbox 985 500 1100 572; x_wconf 88' lang='lat' dir='ltr'>latere</span> <span class='ocrx_word' id='word_1_29' title='bbox 1145 514 1299 595; x_wconf 80' lang='lat' dir='ltr'>putanS,</span> 
     </span>
     <span class='ocr_line' id='line_1_5' title="bbox 108 627 1299 734; baseline -0.003 -31"><span class='ocrx_word' id='word_1_30' title='bbox 108 629 261 703; x_wconf 87' lang='lat' dir='ltr'>coniecit</span> <span class='ocrx_word' id='word_1_31' title='bbox 290 630 408 730; x_wconf 82' lang='grc' dir='ltr'>βάτους</span> <span class='ocrx_word' id='word_1_32' title='bbox 440 632 494 702; x_wconf 77' lang='grc' dir='ltr'>καί</span> <span class='ocrx_word' id='word_1_33' title='bbox 529 630 704 729; x_wconf 73' lang='grc' dir='ltr'>ἀνθέρικας</span> <span class='ocrx_word' id='word_1_34' title='bbox 739 627 904 724; x_wconf 85' lang='lat' dir='ltr'>(aristas,</span> <span class='ocrx_word' id='word_1_35' title='bbox 931 628 1067 728; x_wconf 88' lang='lat' dir='ltr'>spicas)</span> <span class='ocrx_word' id='word_1_36' title='bbox 1096 633 1299 734; x_wconf 81' lang='grc' dir='ltr'>ὑπερβατέον</span> 
     </span>
    </p>
   </div>
   <div class='ocr_carea' id='block_1_2' title="bbox 109 759 1402 856">
    <p class='ocr_par' dir='ltr' id='par_1_2' title="bbox 109 759 1402 856">
     <span class='ocr_line' id='line_1_6' title="bbox 109 759 1402 856; baseline -0.001 -24"><span class='ocrx_word' id='word_1_37' title='bbox 109 765 202 833; x_wconf 82' lang='grc' dir='ltr'>ἐστίν.</span> <span class='ocrx_word' id='word_1_38' title='bbox 258 760 297 833; x_wconf 87' lang='lat' dir='ltr'>Si</span> <span class='ocrx_word' id='word_1_39' title='bbox 333 761 487 832; x_wconf 87' lang='lat' dir='ltr'>alterum</span> <span class='ocrx_word' id='word_1_40' title='bbox 524 759 790 832; x_wconf 89' lang='lat' dir='ltr'>substantivum</span> <span class='ocrx_word' id='word_1_41' title='bbox 827 759 1038 854; x_wconf 82' lang='lat' dir='ltr'>requiritur,</span> <span class='ocrx_word' id='word_1_42' title='bbox 1075 759 1299 856; x_wconf 83' lang='lat' dir='ltr'>praeferrem</span> <span class='ocrx_word' id='word_1_43' title='bbox 1399 850 1402 856; x_wconf 19' lang='grc' dir='ltr'>Ι</span> 
     </span>
    </p>
   </div>
   <div class='ocr_carea' id='block_1_3' title="bbox 109 889 1301 3197">
    <p class='ocr_par' dir='ltr' id='par_1_3' title="bbox 109 889 1300 1509">
     <span class='ocr_line' id='line_1_7' title="bbox 109 889 1300 994; baseline -0.002 -30"><span class='ocrx_word' id='word_1_44' title='bbox 109 893 268 989; x_wconf 89' lang='grc' dir='ltr'>ἀπαρίνας</span> <span class='ocrx_word' id='word_1_45' title='bbox 303 891 404 985; x_wconf 94' lang='lat' dir='ltr'>quod</span> <span class='ocrx_word' id='word_1_46' title='bbox 440 889 548 962; x_wconf 88' lang='lat' dir='ltr'>etiam</span> <span class='ocrx_word' id='word_1_47' title='bbox 584 914 672 984; x_wconf 91' lang='lat' dir='ltr'>pag.</span> <span class='ocrx_word' id='word_1_48' title='bbox 701 914 748 980; x_wconf 84' lang='lat'>94</span> <span class='ocrx_word' id='word_1_49' title='bbox 778 891 818 962; x_wconf 90' lang='lat' dir='ltr'>E.</span> <span class='ocrx_word' id='word_1_50' title='bbox 856 916 939 963; x_wconf 94' lang='lat' dir='ltr'>cum</span> <span class='ocrx_word' id='word_1_51' title='bbox 966 891 1153 963; x_wconf 89' lang='lat' dir='ltr'>vocabulo</span> <span class='ocrx_word' id='word_1_52' title='bbox 1182 892 1300 994; x_wconf 82' lang='grc' dir='ltr'>βάτους</span> 
     </span>
     <span class='ocr_line' id='line_1_8' title="bbox 109 1019 1300 1126; baseline -0.001 -33"><span class='ocrx_word' id='word_1_53' title='bbox 109 1021 341 1093; x_wconf 90' lang='lat' dir='ltr'>coniunctum</span> <span class='ocrx_word' id='word_1_54' title='bbox 369 1019 535 1126; x_wconf 86' lang='lat' dir='ltr'>occurrit.</span> <span class='ocrx_word' id='word_1_55' title='bbox 570 1019 635 1117; x_wconf 77' lang='lat' dir='ltr'>(rui</span> <span class='ocrx_word' id='word_1_56' title='bbox 668 1020 729 1119; x_wconf 85' lang='grc' dir='ltr'>γὰρ</span> <span class='ocrx_word' id='word_1_57' title='bbox 757 1022 922 1119; x_wconf 80' lang='grc' dir='ltr'>ἀπαρίνην</span> <span class='ocrx_word' id='word_1_58' title='bbox 951 1022 1005 1092; x_wconf 79' lang='grc' dir='ltr'>καί</span> <span class='ocrx_word' id='word_1_59' title='bbox 1033 1021 1132 1120; x_wconf 92' lang='grc' dir='ltr'>βάτον</span> <span class='ocrx_word' id='word_1_60' title='bbox 1162 1023 1300 1115; x_wconf 80' lang='grc' dir='ltr'>ἐπιλαμ-</span> 
     </span>
     <span class='ocr_line' id='line_1_9' title="bbox 111 1148 1299 1252; baseline -0.002 -29"><span class='ocrx_word' id='word_1_61' title='bbox 111 1152 294 1251; x_wconf 82' lang='grc' dir='ltr'>βανομένην</span> <span class='ocrx_word' id='word_1_62' title='bbox 324 1152 549 1252; x_wconf 87' lang='grc' dir='ltr'>ὑπερβάντες).</span> <span class='ocrx_word' id='word_1_63' title='bbox 610 1149 728 1221; x_wconf 88' lang='lat' dir='ltr'>Multo</span> <span class='ocrx_word' id='word_1_64' title='bbox 766 1162 887 1221; x_wconf 90' lang='lat' dir='ltr'>tamen</span> <span class='ocrx_word' id='word_1_65' title='bbox 925 1148 1062 1221; x_wconf 90' lang='lat' dir='ltr'>leniore</span> <span class='ocrx_word' id='word_1_66' title='bbox 1099 1148 1299 1221; x_wconf 83' lang='lat' dir='ltr'>mutatione</span> 
     </span>
     <span class='ocr_line' id='line_1_10' title="bbox 110 1279 1299 1378; baseline -0.002 -26"><span class='ocrx_word' id='word_1_67' title='bbox 110 1279 187 1352; x_wconf 94' lang='lat' dir='ltr'>mihi</span> <span class='ocrx_word' id='word_1_68' title='bbox 227 1280 331 1352; x_wconf 88' lang='lat' dir='ltr'>locus</span> <span class='ocrx_word' id='word_1_69' title='bbox 372 1281 560 1352; x_wconf 90' lang='lat' dir='ltr'>sanandus</span> <span class='ocrx_word' id='word_1_70' title='bbox 601 1304 683 1352; x_wconf 91' lang='lat' dir='ltr'>esse</span> <span class='ocrx_word' id='word_1_71' title='bbox 724 1280 867 1352; x_wconf 90' lang='lat' dir='ltr'>videtur</span> <span class='ocrx_word' id='word_1_72' title='bbox 906 1281 1069 1375; x_wconf 86' lang='lat' dir='ltr'>legendo</span> <span class='ocrx_word' id='word_1_73' title='bbox 1111 1282 1299 1378; x_wconf 81' lang='grc' dir='ltr'>ἀναιρετέον</span> 
     </span>
     <span class='ocr_line' id='line_1_11' title="bbox 111 1413 360 1509; baseline -0.004 -27"><span class='ocrx_word' id='word_1_74' title='bbox 111 1436 174 1505; x_wconf 92' lang='lat' dir='ltr'>pro</span> <span class='ocrx_word' id='word_1_75' title='bbox 204 1413 360 1509; x_wconf 76' lang='grc' dir='ltr'>ἀναιρεῖν.</span> 
     </span>
    </p>

    <p class='ocr_par' dir='ltr' id='par_1_4' title="bbox 111 1539 1301 2423">
     <span class='ocr_line' id='line_1_12' title="bbox 159 1539 1300 1636; baseline 0 -24"><span class='ocrx_word' id='word_1_76' title='bbox 159 1541 301 1612; x_wconf 94' lang='lat' dir='ltr'>Notum</span> <span class='ocrx_word' id='word_1_77' title='bbox 329 1554 384 1612; x_wconf 89' lang='lat' dir='ltr'>est</span> <span class='ocrx_word' id='word_1_78' title='bbox 413 1542 619 1626; x_wconf 88' lang='lat' dir='ltr'>dumetum,</span> <span class='ocrx_word' id='word_1_79' title='bbox 647 1539 859 1635; x_wconf 85' lang='lat' dir='ltr'>germinans</span> <span class='ocrx_word' id='word_1_80' title='bbox 877 1539 976 1612; x_wconf 84' lang='lat' dir='ltr'>iuxta</span> <span class='ocrx_word' id='word_1_81' title='bbox 995 1540 1132 1613; x_wconf 89' lang='lat' dir='ltr'>sativas</span> <span class='ocrx_word' id='word_1_82' title='bbox 1153 1541 1300 1636; x_wconf 79' lang='lat' dir='ltr'>herbaS,</span> 
     </span>
     <span class='ocr_line' id='line_1_13' title="bbox 111 1670 1301 1765; baseline 0 -23"><span class='ocrx_word' id='word_1_83' title='bbox 111 1694 232 1742; x_wconf 88' lang='lat' dir='ltr'>earum</span> <span class='ocrx_word' id='word_1_84' title='bbox 273 1671 498 1742; x_wconf 91' lang='lat' dir='ltr'>incremento</span> <span class='ocrx_word' id='word_1_85' title='bbox 541 1671 734 1743; x_wconf 90' lang='lat' dir='ltr'>molestum</span> <span class='ocrx_word' id='word_1_86' title='bbox 779 1695 870 1743; x_wconf 89' lang='lat' dir='ltr'>esse.</span> <span class='ocrx_word' id='word_1_87' title='bbox 938 1671 1047 1742; x_wconf 92' lang='lat' dir='ltr'>Unde</span> <span class='ocrx_word' id='word_1_88' title='bbox 1088 1670 1203 1765; x_wconf 90' lang='lat' dir='ltr'>petita</span> <span class='ocrx_word' id='word_1_89' title='bbox 1245 1684 1301 1742; x_wconf 88' lang='lat' dir='ltr'>est</span> 
     </span>
     <span class='ocr_line' id='line_1_14' title="bbox 111 1799 1300 1896; baseline 0.001 -25"><span class='ocrx_word' id='word_1_90' title='bbox 111 1799 250 1895; x_wconf 89' lang='lat' dir='ltr'>imag0,</span> <span class='ocrx_word' id='word_1_91' title='bbox 280 1826 376 1894; x_wconf 91' lang='lat' dir='ltr'>quae</span> <span class='ocrx_word' id='word_1_92' title='bbox 405 1800 583 1895; x_wconf 88' lang='lat' dir='ltr'>reperitur</span> <span class='ocrx_word' id='word_1_93' title='bbox 610 1825 697 1896; x_wconf 85' lang='lat' dir='ltr'>pag.</span> <span class='ocrx_word' id='word_1_94' title='bbox 713 1821 787 1891; x_wconf 80' lang='lat'>497</span> <span class='ocrx_word' id='word_1_95' title='bbox 805 1800 844 1877; x_wconf 89' lang='lat' dir='ltr'>C.</span> <span class='ocrx_word' id='word_1_96' title='bbox 874 1801 1144 1895; x_wconf 87' lang='lat' dir='ltr'>Comparantur</span> <span class='ocrx_word' id='word_1_97' title='bbox 1168 1825 1300 1894; x_wconf 89' lang='lat' dir='ltr'>nempe</span> 
     </span>
     <span class='ocr_line' id='line_1_15' title="bbox 112 1929 1299 2026; baseline 0.001 -25"><span class='ocrx_word' id='word_1_98' title='bbox 112 1930 209 2007; x_wconf 85' lang='lat' dir='ltr'>vitia,</span> <span class='ocrx_word' id='word_1_99' title='bbox 239 1930 370 2025; x_wconf 87' lang='lat' dir='ltr'>quibus</span> <span class='ocrx_word' id='word_1_100' title='bbox 398 1956 502 2003; x_wconf 91' lang='lat' dir='ltr'>amor</span> <span class='ocrx_word' id='word_1_101' title='bbox 528 1931 658 2026; x_wconf 76' lang='lat' dir='ltr'>proli5,</span> <span class='ocrx_word' id='word_1_102' title='bbox 687 1945 819 2004; x_wconf 87' lang='lat' dir='ltr'>natura</span> <span class='ocrx_word' id='word_1_103' title='bbox 846 1930 980 2003; x_wconf 90' lang='lat' dir='ltr'>homini</span> <span class='ocrx_word' id='word_1_104' title='bbox 1006 1930 1147 2016; x_wconf 80' lang='lat' dir='ltr'>indituS,</span> <span class='ocrx_word' id='word_1_105' title='bbox 1175 1929 1299 2002; x_wconf 85' lang='lat' dir='ltr'>debili-</span> 
     </span>
     <span class='ocr_line' id='line_1_16' title="bbox 112 2060 1298 2156; baseline 0.001 -25"><span class='ocrx_word' id='word_1_106' title='bbox 112 2072 214 2145; x_wconf 87' lang='lat' dir='ltr'>tatur,</span> <span class='ocrx_word' id='word_1_107' title='bbox 243 2085 326 2132; x_wconf 90' lang='lat' dir='ltr'>cum</span> <span class='ocrx_word' id='word_1_108' title='bbox 353 2061 558 2147; x_wconf 87' lang='lat' dir='ltr'>fruticibus,</span> <span class='ocrx_word' id='word_1_109' title='bbox 579 2061 718 2134; x_wconf 89' lang='lat' dir='ltr'>sativas</span> <span class='ocrx_word' id='word_1_110' title='bbox 731 2060 831 2134; x_wconf 86' lang='lat' dir='ltr'>iuxta</span> <span class='ocrx_word' id='word_1_111' title='bbox 845 2062 980 2134; x_wconf 88' lang='lat' dir='ltr'>herbas</span> <span class='ocrx_word' id='word_1_112' title='bbox 993 2060 1298 2156; x_wconf 82' lang='lat' dir='ltr'>germinantibus:</span> 
     </span>
     <span class='ocr_line' id='line_1_17' title="bbox 113 2190 1299 2290; baseline 0 -28"><span class='ocrx_word' id='word_1_113' title='bbox 113 2192 367 2290; x_wconf 78' lang='grc' dir='ltr'>ἐξαμαυροῦνται</span> <span class='ocrx_word' id='word_1_114' title='bbox 394 2191 454 2290; x_wconf 85' lang='grc' dir='ltr'>γὰρ</span> <span class='ocrx_word' id='word_1_115' title='bbox 481 2199 584 2264; x_wconf 84' lang='grc' dir='ltr'>ταῦτα</span> <span class='ocrx_word' id='word_1_116' title='bbox 611 2190 697 2290; x_wconf 83' lang='lat' dir='ltr'>(scil.</span> <span class='ocrx_word' id='word_1_117' title='bbox 725 2217 830 2265; x_wconf 89' lang='lat' dir='ltr'>amor</span> <span class='ocrx_word' id='word_1_118' title='bbox 856 2190 983 2288; x_wconf 89' lang='lat' dir='ltr'>prolis)</span> <span class='ocrx_word' id='word_1_119' title='bbox 1004 2194 1065 2264; x_wconf 77' lang='grc' dir='ltr'>ὑπὸ</span> <span class='ocrx_word' id='word_1_120' title='bbox 1084 2199 1145 2288; x_wconf 78' lang='grc' dir='ltr'>τῆς</span> <span class='ocrx_word' id='word_1_121' title='bbox 1163 2193 1299 2285; x_wconf 73' lang='grc' dir='ltr'>κακίας,</span> 
     </span>
     <span class='ocr_line' id='line_1_18' title="bbox 113 2309 1121 2423; baseline 0.003 -34"><span class='ocrx_word' id='word_1_122' title='bbox 113 2320 221 2417; x_wconf 80' lang='grc' dir='ltr'>ὥσπερ</span> <span class='ocrx_word' id='word_1_123' title='bbox 248 2321 378 2417; x_wconf 80' lang='grc' dir='ltr'>λόχμης</span> <span class='ocrx_word' id='word_1_124' title='bbox 406 2323 541 2418; x_wconf 81' lang='grc' dir='ltr'>ἡμέροις</span> <span class='ocrx_word' id='word_1_125' title='bbox 569 2324 734 2421; x_wconf 81' lang='grc' dir='ltr'>σπέρμασι</span> <span class='ocrx_word' id='word_1_126' title='bbox 766 2309 1121 2423; x_wconf 79' lang='grc' dir='ltr'>παραβλαστανούσης.</span> 
     </span>
    </p>

    <p class='ocr_par' dir='ltr' id='par_1_5' title="bbox 112 2447 1301 3197">
     <span class='ocr_line' id='line_1_19' title="bbox 161 2447 1301 2545; baseline 0.001 -27"><span class='ocrx_word' id='word_1_127' title='bbox 161 2447 356 2538; x_wconf 79' lang='lat' dir='ltr'>Quaedam</span> <span class='ocrx_word' id='word_1_128' title='bbox 405 2449 564 2536; x_wconf 88' lang='lat' dir='ltr'>herbae,</span> <span class='ocrx_word' id='word_1_129' title='bbox 614 2475 697 2522; x_wconf 90' lang='lat' dir='ltr'>cum</span> <span class='ocrx_word' id='word_1_130' title='bbox 739 2450 809 2524; x_wconf 87' lang='lat' dir='ltr'>sint</span> <span class='ocrx_word' id='word_1_131' title='bbox 844 2476 911 2545; x_wconf 92' lang='lat' dir='ltr'>per</span> <span class='ocrx_word' id='word_1_132' title='bbox 959 2475 999 2523; x_wconf 92' lang='lat' dir='ltr'>se</span> <span class='ocrx_word' id='word_1_133' title='bbox 1040 2449 1224 2522; x_wconf 90' lang='lat' dir='ltr'>silvestres</span> <span class='ocrx_word' id='word_1_134' title='bbox 1264 2461 1301 2519; x_wconf 88' lang='lat' dir='ltr'>et</span> 
     </span>
     <span class='ocr_line' id='line_1_20' title="bbox 112 2576 1300 2654; baseline 0.003 -8"><span class='ocrx_word' id='word_1_135' title='bbox 112 2576 332 2651; x_wconf 90' lang='lat' dir='ltr'>incremento</span> <span class='ocrx_word' id='word_1_136' title='bbox 368 2603 437 2650; x_wconf 89' lang='lat' dir='ltr'>suo</span> <span class='ocrx_word' id='word_1_137' title='bbox 479 2594 638 2652; x_wconf 88' lang='lat' dir='ltr'>noceant</span> <span class='ocrx_word' id='word_1_138' title='bbox 665 2581 897 2654; x_wconf 89' lang='lat' dir='ltr'>hortensibus</span> <span class='ocrx_word' id='word_1_139' title='bbox 929 2578 1125 2653; x_wconf 89' lang='lat' dir='ltr'>seminibus</span> <span class='ocrx_word' id='word_1_140' title='bbox 1153 2604 1196 2650; x_wconf 93' lang='lat' dir='ltr'>ac</span> <span class='ocrx_word' id='word_1_141' title='bbox 1224 2578 1300 2651; x_wconf 88' lang='lat' dir='ltr'>stir-</span> 
     </span>
     <span class='ocr_line' id='line_1_21' title="bbox 112 2706 1301 2806; baseline -0.001 -26"><span class='ocrx_word' id='word_1_142' title='bbox 112 2706 231 2801; x_wconf 89' lang='lat' dir='ltr'>pibus,</span> <span class='ocrx_word' id='word_1_143' title='bbox 256 2710 305 2781; x_wconf 91' lang='lat' dir='ltr'>ab</span> <span class='ocrx_word' id='word_1_144' title='bbox 337 2708 508 2804; x_wconf 81' lang='lat' dir='ltr'>agricolis</span> <span class='ocrx_word' id='word_1_145' title='bbox 535 2724 658 2782; x_wconf 90' lang='lat' dir='ltr'>tamen</span> <span class='ocrx_word' id='word_1_146' title='bbox 686 2736 754 2806; x_wconf 91' lang='lat' dir='ltr'>pro</span> <span class='ocrx_word' id='word_1_147' title='bbox 783 2725 897 2782; x_wconf 89' lang='lat' dir='ltr'>certo·</span> <span class='ocrx_word' id='word_1_148' title='bbox 912 2708 1043 2782; x_wconf 91' lang='lat' dir='ltr'>indicio</span> <span class='ocrx_word' id='word_1_149' title='bbox 1072 2708 1139 2782; x_wconf 89' lang='lat' dir='ltr'>soli</span> <span class='ocrx_word' id='word_1_150' title='bbox 1154 2707 1301 2804; x_wconf 61' lang='lat' dir='ltr'>&#39;egregii</span> 
     </span>
     <span class='ocr_line' id='line_1_22' title="bbox 113 2837 1299 2932; baseline 0.002 -24"><span class='ocrx_word' id='word_1_151' title='bbox 113 2861 151 2910; x_wconf 92' lang='lat' dir='ltr'>ac</span> <span class='ocrx_word' id='word_1_152' title='bbox 197 2837 344 2932; x_wconf 90' lang='lat' dir='ltr'>pinguis</span> <span class='ocrx_word' id='word_1_153' title='bbox 386 2840 578 2912; x_wconf 88' lang='lat' dir='ltr'>habentur.</span> <span class='ocrx_word' id='word_1_154' title='bbox 646 2840 826 2931; x_wconf 77' lang='lat' dir='ltr'>Qualibus</span> <span class='ocrx_word' id='word_1_155' title='bbox 871 2866 954 2913; x_wconf 94' lang='lat' dir='ltr'>cum</span> <span class='ocrx_word' id='word_1_156' title='bbox 996 2839 1119 2912; x_wconf 89' lang='lat' dir='ltr'>herbis</span> <span class='ocrx_word' id='word_1_157' title='bbox 1159 2839 1299 2910; x_wconf 89' lang='lat' dir='ltr'>Plutar-</span> 
     </span>
     <span class='ocr_line' id='line_1_23' title="bbox 113 2968 1300 3064; baseline 0.001 -25"><span class='ocrx_word' id='word_1_158' title='bbox 113 2968 198 3041; x_wconf 91' lang='lat' dir='ltr'>chus</span> <span class='ocrx_word' id='word_1_159' title='bbox 226 2994 312 3064; x_wconf 91' lang='lat' dir='ltr'>pag.</span> <span class='ocrx_word' id='word_1_160' title='bbox 344 2975 416 3062; x_wconf 87' lang='lat'>528</span> <span class='ocrx_word' id='word_1_161' title='bbox 455 2970 493 3043; x_wconf 91' lang='lat' dir='ltr'>C.</span> <span class='ocrx_word' id='word_1_162' title='bbox 530 2970 671 3043; x_wconf 85' lang='lat' dir='ltr'>confert</span> <span class='ocrx_word' id='word_1_163' title='bbox 698 2995 762 3043; x_wconf 90' lang='lat' dir='ltr'>eas</span> <span class='ocrx_word' id='word_1_164' title='bbox 789 2970 896 3043; x_wconf 92' lang='lat' dir='ltr'>animi</span> <span class='ocrx_word' id='word_1_165' title='bbox 923 2970 1156 3056; x_wconf 86' lang='lat' dir='ltr'>affectiones,</span> <span class='ocrx_word' id='word_1_166' title='bbox 1185 2994 1300 3064; x_wconf 89' lang='lat' dir='ltr'>quae,</span> 
     </span>
     <span class='ocr_line' id='line_1_24' title="bbox 113 3099 1301 3197; baseline 0.003 -29"><span class='ocrx_word' id='word_1_167' title='bbox 113 3122 190 3170; x_wconf 92' lang='lat' dir='ltr'>cum</span> <span class='ocrx_word' id='word_1_168' title='bbox 232 3099 302 3172; x_wconf 91' lang='lat' dir='ltr'>sint</span> <span class='ocrx_word' id='word_1_169' title='bbox 341 3099 443 3195; x_wconf 89' lang='lat' dir='ltr'>ipsae</span> <span class='ocrx_word' id='word_1_170' title='bbox 471 3125 544 3172; x_wconf 90' lang='lat' dir='ltr'>non</span> <span class='ocrx_word' id='word_1_171' title='bbox 579 3103 721 3185; x_wconf 90' lang='lat' dir='ltr'>bonae,</span> <span class='ocrx_word' id='word_1_172' title='bbox 763 3101 898 3197; x_wconf 89' lang='lat' dir='ltr'>ingenii</span> <span class='ocrx_word' id='word_1_173' title='bbox 935 3115 1057 3173; x_wconf 89' lang='lat' dir='ltr'>tamen</span> <span class='ocrx_word' id='word_1_174' title='bbox 1094 3099 1182 3172; x_wconf 92' lang='lat' dir='ltr'>boni</span> <span class='ocrx_word' id='word_1_175' title='bbox 1217 3112 1301 3172; x_wconf 88' lang='lat' dir='ltr'>sunt</span> 
     </span>
    </p>
   </div>
   <div class='ocr_carea' id='block_1_4' title="bbox 111 3226 1301 3329">
    <p class='ocr_par' dir='ltr' id='par_1_6' title="bbox 111 3226 1301 3329">
     <span class='ocr_line' id='line_1_25' title="bbox 111 3226 1301 3329; baseline 0.003 -31"><span class='ocrx_word' id='word_1_176' title='bbox 111 3226 252 3302; x_wconf 86' lang='lat' dir='ltr'>indicia:</span> <span class='ocrx_word' id='word_1_177' title='bbox 281 3234 353 3303; x_wconf 79' lang='grc' dir='ltr'>ἔνια</span> <span class='ocrx_word' id='word_1_178' title='bbox 380 3240 446 3302; x_wconf 82' lang='grc' dir='ltr'>τῶν</span> <span class='ocrx_word' id='word_1_179' title='bbox 476 3234 512 3302; x_wconf 80' lang='grc' dir='ltr'>ἐκ</span> <span class='ocrx_word' id='word_1_180' title='bbox 539 3238 599 3327; x_wconf 79' lang='grc' dir='ltr'>τῆς</span> <span class='ocrx_word' id='word_1_181' title='bbox 625 3239 686 3328; x_wconf 75' lang='grc' dir='ltr'>γῆς</span> <span class='ocrx_word' id='word_1_182' title='bbox 714 3235 887 3329; x_wconf 74' lang='grc' dir='ltr'>φυομένων</span> <span class='ocrx_word' id='word_1_183' title='bbox 916 3231 999 3303; x_wconf 83' lang='grc' dir='ltr'>αὑτὰ</span> <span class='ocrx_word' id='word_1_184' title='bbox 1019 3235 1077 3326; x_wconf 87' lang='grc' dir='ltr'>μέν</span> <span class='ocrx_word' id='word_1_185' title='bbox 1097 3234 1183 3302; x_wconf 80' lang='grc' dir='ltr'>ἐστιν</span> <span class='ocrx_word' id='word_1_186' title='bbox 1204 3231 1301 3328; x_wconf 79' lang='grc' dir='ltr'>ἄγρια</span> 
     </span>
    </p>
   </div>
   <div class='ocr_carea' id='block_1_5' title="bbox 111 3360 1361 3844">
    <p class='ocr_par' dir='ltr' id='par_1_7' title="bbox 111 3360 1361 3844">
     <span class='ocr_line' id='line_1_26' title="bbox 112 3360 1301 3462; baseline 0 -33"><span class='ocrx_word' id='word_1_187' title='bbox 112 3367 151 3456; x_wconf 73' lang='grc' dir='ltr'>τῇ</span> <span class='ocrx_word' id='word_1_188' title='bbox 178 3360 275 3456; x_wconf 74' lang='grc' dir='ltr'>φύσει</span> <span class='ocrx_word' id='word_1_189' title='bbox 302 3361 356 3431; x_wconf 81' lang='grc' dir='ltr'>καί</span> <span class='ocrx_word' id='word_1_190' title='bbox 383 3360 516 3456; x_wconf 80' lang='grc' dir='ltr'>ἄκαρπα</span> <span class='ocrx_word' id='word_1_191' title='bbox 543 3360 596 3430; x_wconf 76' lang='grc' dir='ltr'>καί</span> <span class='ocrx_word' id='word_1_192' title='bbox 624 3360 788 3462; x_wconf 83' lang='grc' dir='ltr'>βλαβεράν</span> <span class='ocrx_word' id='word_1_193' title='bbox 816 3368 882 3440; x_wconf 91' lang='grc' dir='ltr'>τοῖς</span> <span class='ocrx_word' id='word_1_194' title='bbox 909 3363 1046 3459; x_wconf 75' lang='grc' dir='ltr'>ἡμέροις</span> <span class='ocrx_word' id='word_1_195' title='bbox 1064 3362 1229 3456; x_wconf 87' lang='grc' dir='ltr'>σπέρμασι</span> <span class='ocrx_word' id='word_1_196' title='bbox 1248 3360 1301 3430; x_wconf 77' lang='grc' dir='ltr'>καί</span> 
     </span>
     <span class='ocr_line' id='line_1_27' title="bbox 111 3487 1361 3587; baseline 0 -29"><span class='ocrx_word' id='word_1_197' title='bbox 111 3491 219 3583; x_wconf 67' lang='grc' dir='ltr'>’ρυτοῖς</span> <span class='ocrx_word' id='word_1_198' title='bbox 254 3489 315 3584; x_wconf 74' lang='grc' dir='ltr'>τὴν</span> <span class='ocrx_word' id='word_1_199' title='bbox 352 3487 488 3584; x_wconf 77' lang='grc' dir='ltr'>αὔξησιν</span> <span class='ocrx_word' id='word_1_200' title='bbox 517 3489 657 3583; x_wconf 67' lang='grc' dir='ltr'>ἔχοντα,</span> <span class='ocrx_word' id='word_1_201' title='bbox 694 3496 818 3587; x_wconf 85' lang='grc' dir='ltr'>σημεῖα</span> <span class='ocrx_word' id='word_1_202' title='bbox 846 3488 873 3560; x_wconf 82' lang='grc' dir='ltr'>δ’</span> <span class='ocrx_word' id='word_1_203' title='bbox 892 3488 975 3560; x_wconf 87' lang='grc' dir='ltr'>αὑτὰ</span> <span class='ocrx_word' id='word_1_204' title='bbox 1001 3495 1170 3559; x_wconf 84' lang='grc' dir='ltr'>ποιοῦνται</span> <span class='ocrx_word' id='word_1_205' title='bbox 1188 3489 1301 3585; x_wconf 77' lang='grc' dir='ltr'>χώρας</span> <span class='ocrx_word' id='word_1_206' title='bbox 1358 3503 1361 3509; x_wconf 86' lang='grc'><strong>“</strong></span> 
     </span>
     <span class='ocr_line' id='line_1_28' title="bbox 111 3613 1300 3715; baseline -0.001 -29"><span class='ocrx_word' id='word_1_207' title='bbox 111 3621 138 3686; x_wconf 84' lang='grc' dir='ltr'>οἱ</span> <span class='ocrx_word' id='word_1_208' title='bbox 172 3623 392 3715; x_wconf 75' lang='grc' dir='ltr'>γεωργοῦντες</span> <span class='ocrx_word' id='word_1_209' title='bbox 428 3617 464 3686; x_wconf 85' lang='grc' dir='ltr'>οὑ</span> <span class='ocrx_word' id='word_1_210' title='bbox 500 3623 648 3714; x_wconf 85' lang='grc' dir='ltr'>πονηρᾶς</span> <span class='ocrx_word' id='word_1_211' title='bbox 684 3616 770 3688; x_wconf 83' lang='grc' dir='ltr'>ἀλλὰ</span> <span class='ocrx_word' id='word_1_212' title='bbox 801 3621 953 3713; x_wconf 74' lang='grc' dir='ltr'>γενναίας</span> <span class='ocrx_word' id='word_1_213' title='bbox 980 3617 1034 3688; x_wconf 76' lang='grc' dir='ltr'>καί</span> <span class='ocrx_word' id='word_1_214' title='bbox 1065 3619 1187 3694; x_wconf 83' lang='grc' dir='ltr'>πίονος·</span> <span class='ocrx_word' id='word_1_215' title='bbox 1216 3613 1300 3685; x_wconf 85' lang='grc' dir='ltr'>οὑτω</span> 
     </span>
     <span class='ocr_line' id='line_1_29' title="bbox 112 3743 1301 3844; baseline -0.002 -30"><span class='ocrx_word' id='word_1_216' title='bbox 112 3745 150 3841; x_wconf 76' lang='grc' dir='ltr'>δὴ</span> <span class='ocrx_word' id='word_1_217' title='bbox 178 3747 231 3817; x_wconf 79' lang='grc' dir='ltr'>καί</span> <span class='ocrx_word' id='word_1_218' title='bbox 258 3746 355 3841; x_wconf 77' lang='grc' dir='ltr'>πάθη</span> <span class='ocrx_word' id='word_1_219' title='bbox 383 3747 493 3842; x_wconf 80' lang='grc' dir='ltr'>ψυχῆς</span> <span class='ocrx_word' id='word_1_220' title='bbox 520 3747 607 3816; x_wconf 79' lang='grc' dir='ltr'>ἔστιν</span> <span class='ocrx_word' id='word_1_221' title='bbox 633 3747 668 3816; x_wconf 90' lang='grc' dir='ltr'>οὑ</span> <span class='ocrx_word' id='word_1_222' title='bbox 687 3747 836 3844; x_wconf 72' lang='grc' dir='ltr'>χρηστά,</span> <span class='ocrx_word' id='word_1_223' title='bbox 863 3753 1011 3844; x_wconf 78' lang='grc' dir='ltr'>χρηστῆς</span> <span class='ocrx_word' id='word_1_224' title='bbox 1030 3745 1065 3816; x_wconf 79' lang='grc' dir='ltr'>δέ</span> <span class='ocrx_word' id='word_1_225' title='bbox 1084 3743 1214 3841; x_wconf 81' lang='grc' dir='ltr'>ρὺσεως</span> <span class='ocrx_word' id='word_1_226' title='bbox 1234 3747 1301 3814; x_wconf 81' lang='grc' dir='ltr'>οἷον</span> 
     </span>
    </p>
   </div>
   <div class='ocr_carea' id='block_1_6' title="bbox 111 3873 1413 3972">
    <p class='ocr_par' dir='ltr' id='par_1_8' title="bbox 111 3873 1413 3972">
     <span class='ocr_line' id='line_1_30' title="bbox 111 3873 1413 3972; baseline -0.002 -29"><span class='ocrx_word' id='word_1_227' title='bbox 111 3875 324 3971; x_wconf 73' lang='grc' dir='ltr'>ἐξανθήματα</span> <span class='ocrx_word' id='word_1_228' title='bbox 359 3873 412 3944; x_wconf 77' lang='grc' dir='ltr'>καί</span> <span class='ocrx_word' id='word_1_229' title='bbox 447 3874 536 3970; x_wconf 82' lang='grc' dir='ltr'>λόγῳ</span> <span class='ocrx_word' id='word_1_230' title='bbox 571 3881 756 3972; x_wconf 83' lang='grc' dir='ltr'>παρασχεῖν</span> <span class='ocrx_word' id='word_1_231' title='bbox 794 3875 969 3972; x_wconf 83' lang='grc' dir='ltr'>ἐργάσιμον</span> <span class='ocrx_word' id='word_1_232' title='bbox 1006 3874 1127 3969; x_wconf 78' lang='grc' dir='ltr'>ἑαυτὴν</span> <span class='ocrx_word' id='word_1_233' title='bbox 1146 3875 1301 3951; x_wconf 81' lang='grc' dir='ltr'>ἐπιεικῶς</span> <span class='ocrx_word' id='word_1_234' title='bbox 1410 3920 1413 3927; x_wconf 90' lang='grc'>-</span> 
     </span>
    </p>
   </div>
   <div class='ocr_carea' id='block_1_7' title="bbox 112 3998 828 4099">
    <p class='ocr_par' dir='ltr' id='par_1_9' title="bbox 112 3998 828 4099">
     <span class='ocr_line' id='line_1_31' title="bbox 112 3998 828 4099; baseline 0.001 -27"><span class='ocrx_word' id='word_1_235' title='bbox 112 4003 305 4099; x_wconf 80' lang='grc' dir='ltr'>δυναμένης.</span> <span class='ocrx_word' id='word_1_236' title='bbox 361 3999 413 4072; x_wconf 89' lang='lat' dir='ltr'>Cf</span> <span class='ocrx_word' id='word_1_237' title='bbox 442 3998 550 4072; x_wconf 89' lang='lat' dir='ltr'>etiam</span> <span class='ocrx_word' id='word_1_238' title='bbox 578 4025 666 4096; x_wconf 89' lang='lat' dir='ltr'>pag.</span> <span class='ocrx_word' id='word_1_239' title='bbox 698 4023 767 4094; x_wconf 86' lang='lat'>552</span> <span class='ocrx_word' id='word_1_240' title='bbox 791 4001 828 4073; x_wconf 94' lang='lat' dir='ltr'>C.</span> 
     </span>
    </p>
   </div>
   <div class='ocr_carea' id='block_1_8' title="bbox 0 0 1429 4964">
    <p class='ocr_par' dir='ltr' id='par_1_10' title="bbox 0 0 1429 4964">
     <span class='ocr_line' id='line_1_32' title="bbox 0 0 1429 4964; baseline 0 0"><span class='ocrx_word' id='word_1_241' title='bbox 0 0 1429 4964; x_wconf 95' lang='lat' dir='ltr'> </span> 
     </span>
    </p>
   </div>
  </div>
 </body>
</html>
