2834 4964
678 255 725 323 42

104 442 208 516 dicit:
238 442 296 521 τὰς
322 443 490 540 περιόδους
519 439 703 537 ῥυθμίζων,
730 441 839 534 *pag
860 462 879 529 3
902 440 942 510 Ε.
961 443 1001 511 τό.
1016 439 1101 537 ἦθος
1121 439 1307 538 ῥυθμίζων,

104 572 151 645 cf.
179 575 327 666 *pag.8
358 568 415 641 C.:
443 569 605 668 εὐρυθμία
632 570 806 664 σωμάτων.

161 702 247 774 Huc
274 724 424 796 quoque
452 697 634 770 referendi
660 710 746 769 sunt
772 695 862 783 loci,
880 696 956 768 'ubi
973 698 1162 770 vocabula
1180 700 1309 795 ἁρμό

102 834 218 926 ζειν,
255 831 464 929 ἁρμονία,
500 828 775 926 εὐάρμοστος
812 851 923 899 sensu
965 827 1144 899 translato
1182 826 1307 922 posita

105 958 350 1054 reperiuntur.
924 937 926 941 ’

156 1085 387 1186 Ἅρμόζειν
414 1086 463 1156 ad
490 1083 757 1157 matrimonium
786 1099 824 1158 et
851 1086 996 1181 nuptias
1024 1086 1248 1159 transfertur
1275 1084 1307 1156 in

103 1216 180 1290 vita
206 1214 410 1287 Alexandri
446 1240 477 1287 c.
510 1239 527 1286 2
566 1239 655 1310 pag.
686 1219 757 1308 665
789 1216 829 1287 Β.
867 1218 997 1312 λέγεται
1025 1217 1060 1287 δὲ
1089 1215 1306 1295 Φίλιππος-

106 1350 159 1418 τόν
187 1348 291 1443 γάμον
320 1344 422 1424 οὕτως
452 1348 614 1444 ἁρμόσαι,
640 1344 659 1415 i.
688 1370 719 1416 e.
748 1345 894 1440 nuptias
920 1344 971 1416 ita
999 1344 1250 1430 contraxisse3
1273 1345 1305 1417 in

105 1473 181 1547 vita
210 1473 361 1546 Catonis
389 1473 540 1546 Minoris
569 1499 598 1546 c.
631 1494 649 1564 7
680 1499 767 1569 pag.
791 1481 860 1564 762
881 1475 927 1546 D.
956 1477 1126 1572 ἡρμόσατο
1145 1474 1305 1571 Λεπίδαν,

104 1604 206 1677 duxit
233 1629 387 1675 uxorem
415 1603 613 1698 Lepidam;
650 1629 738 1700 pag.
773 1611 842 1695 138
864 1605 903 1678 C.
933 1603 1047 1676 Musis
1082 1616 1304 1676 concentum

106 1733 266 1828 coniugii
294 1733 528 1807 efficiendum
555 1759 637 1807 esse
666 1734 766 1806 dicit:
803 1738 864 1831 τὴν
890 1735 965 1833 περὶ
991 1737 1045 1805 τόν
1072 1734 1177 1829 γάμον
1206 1737 1304 1829 ἐμμε-

105 1847 195 1936 λείαν
222 1866 437 1962 ἡρμοσμένην
464 1867 634 1964 παρέχειν,
662 1865 706 1937 cf.
734 1889 821 1959 pag.
858 1887 926 1954 144
947 1862 985 1935 C.

158 1992 250 2086 Pag.
280 2013 351 2084 352
375 1993 413 2063 F.
450 1991 586 2087 legitur
620 1994 749 2092 ἐσθῆτα
782 1994 1056 2091 εὐάρμοστον
1083 1994 1164 2089 πρός
1192 1999 1302 2063 πᾶσαν

107 2121 213 2218 ὥραν,
242 2119 285 2192 cf.
314 2144 401 2214 pag.
432 2145 505 2211 342
526 2123 575 2204 F,
613 2128 680 2214 138
702 2124 768 2207 D.,
803 2144 867 2211 141
898 2120 937 2191 Β.

158 2257 421 2355 Σόμφωνος,
450 2265 702 2358 συμφωνία,
730 2259 871 2355 tropice
899 2272 1076 2353 usurpata
1105 2271 1307 2330 occurrunt

109 2411 198 2481 pag.
236 2411 304 2477 139
325 2388 374 2472 F.,
404 2392 452 2477 96
471 2388 525 2476 E,
555 2389 790 2488 Προςῳδός
817 2414 905 2484 pag.
941 2394 1009 2479 138
1030 2388 1069 2458 Β.

159 2518 235 2588 Iam
264 2530 494 2589 transeamus
522 2518 570 2588 ad
599 2518 895 2611 comparationes
923 2519 971 2590 ad
992 2532 1108 2590 artem
1128 2516 1305 2590 musicam

108 2660 330 2740 spectantes
384 2648 476 2742 Pag.
520 2651 595 2719 620
637 2647 674 2717 F.
711 2647 929 2721 Plutarchus
966 2648 1052 2720 dicit
1088 2647 1305 2743 magistrum

110 2776 265 2848 convivii
302 2777 542 2850 convivarum
578 2776 726 2871 ingenia
764 2803 995 2872 cognoscere
1029 2780 1167 2850 debere
1196 2792 1235 2850 et
1263 2804 1309 2851 ex

110 2906 395 3003 uniuscuiusque
423 2921 717 3000 temperamento
745 2909 793 2979 ad
820 2908 959 2991 vinum,
990 2909 1081 2981 alios
1108 2910 1157 2980 ad
1175 2923 1310 3003 potan-

109 3037 196 3108 dum
216 3036 420 3121 adhortari,
440 3035 532 3108 alios
551 3061 596 3108 ne
612 3035 713 3109 nimis
727 3051 858 3132 potent
872 3039 1065 3125 cohibere,
1086 3063 1310 3133 comparans

109 3191 193 3238 eum
231 3191 314 3238 curn
350 3166 508 3250 musice,
546 3166 768 3239 remissiores
805 3193 941 3240 nervos
967 3167 1189 3256 intendenti,
1218 3169 1311 3242 alios

110 3296 255 3368 nimium
283 3296 443 3368 intentos
470 3295 625 3381 latranti,
654 3310 695 3368 ut
715 3311 937 3369 concentum
957 3299 1108 3370 efficiat:
1129 3300 1310 3398 ἀνθρώπου

111 3426 147 3496 δὲ
174 3429 255 3523 προς
283 3428 366 3496 οἶνον
394 3431 506 3522 κρᾶσιν
532 3433 580 3523 τῷ
607 3426 841 3525 συμποσιάργγγ
869 3431 1055 3523 γιγνώσκειν
1082 3429 1239 3527 προςήκει
1259 3431 1313 3501 καί

110 3556 318 3650 γιγνώσκοντι
345 3552 539 3649 φυλάττειν,
568 3547 604 3622 ἵν’
631 3555 744 3651 ὥσπερ
773 3558 943 3652 ἁρμονικός
970 3559 1024 3627 τόν
1052 3558 1111 3651 μὲν
1139 3560 1311 3629 ἐπιτείνων

109 3691 153 3779 τῇ
188 3683 305 3776 πόσει,
341 3683 394 3751 τόν
432 3680 459 3751 δ’
479 3680 577 3759 ἀνιείς
604 3682 656 3751 καί
685 3683 939 3777 ὑποφειδόμενος
967 3688 1011 3764 εἰς
1038 3687 1230 3782 ὁμαλότητα
1258 3689 1313 3758 καὶ

112 3810 306 3903 συμφωνίαν
335 3811 370 3879 ἐκ
398 3809 555 3905 διαφορᾶς
583 3810 776 3905 καταστήσῃ
803 3810 860 3889 τάς
886 3811 1011 3907 φάσεις.

165 3937 256 4031 Pag.
296 3942 369 4009 826
407 3937 446 4007 F.
485 3950 558 4007 tres
594 3935 729 4008 formas
761 3936 812 4008 rei
839 3938 1008 4032 publicae
1037 3965 1118 4012 esse
1147 3940 1197 4012 ait
1224 3941 1313 4014 Plu-

112 4066 275 4152 tarchuS,
296 4064 561 4151 monarchiam,
581 4063 833 4160 oligarchiam,
854 4068 1132 4154 democratiam,
1151 4071 1313 4167 reliquas

111 4209 235 4270 autem
273 4220 355 4269 esse
388 4220 514 4268 earum
551 4195 798 4289 corruptelas,
840 4210 940 4269 ortas
966 4198 1050 4271 inde
1078 4203 1180 4295 quod
1206 4200 1242 4273 in
1270 4202 1313 4276 iis
1351 4265 1355 4271 .

112 4327 244 4399 modus
272 4327 515 4399 excederetur
542 4339 607 4397 aut
634 4322 755 4419 aliqua
783 4323 815 4395 in
845 4323 884 4397 iis
912 4327 1183 4417 omitterentur,
1216 4332 1313 4406 sicut
