2834 4964
133 506 254 565 senex,
294 480 490 551 clarissime
526 480 765 551 FRANCKEN!
828 480 864 552 T
857 506 942 551 uam
982 507 1060 551 cum
1089 480 1327 551 utilissimam

128 631 447 724 gratissimamque
475 631 737 699 institutionem
757 637 835 700 tnm
852 628 1208 700 benevolentissimam
1224 631 1327 699 comi·

135 785 242 848 tatem
277 785 311 846 et
344 777 608 848 liumanitatem
636 800 752 847 omnes
777 779 908 848 scimus
929 779 1101 872 gratique
1127 801 1329 871 numquam

134 925 381 996 obliviscemur
407 923 585 1019 discipuli.

184 1073 259 1144 Nec
286 1097 344 1143 vos
371 1073 561 1144 omi'ttcnili'
585 1075 685 1155 estis,
695 1080 937 1167 praeceptores
944 1072 1135 1166 praeclari
1140 1076 1332 1168 gymnasii

131 1219 459 1316 Meilioburgensis!
518 1219 581 1291 bos
623 1223 748 1315 primi
790 1219 907 1291 studii
948 1220 1159 1291 litterarum
1205 1246 1328 1291 amore

104 1336 105 1340 Ἰ
132 1394 186 1440 me
211 1369 390 1439 imbuistis
417 1376 589 1463 tantoque
614 1378 749 1462 semper
774 1376 809 1438 et
835 1371 875 1458 in
898 1370 1085 1463 gymnasii
1106 1370 1271 1438 tirocinio
1291 1377 1327 1438 et

124 1524 246 1610 postca
274 1524 392 1587 vestra
418 1542 499 1611 ergo
527 1517 684 1610 mesnil
710 1517 927 1611 benignitas,
945 1524 989 1588 ut
997 1516 1085 1610 scri
1104 1514 1324 1602 dubitarem,

134 1672 262 1736 ntrnm
283 1673 525 1758 praeceptores
545 1667 670 1758 potins
698 1688 756 1735 vos
782 1664 931 1735 elicerem
958 1690 1007 1735 an
1031 1667 1167 1735 amicos.
1186 1663 1327 1735 Amici-

133 1815 223 1883 tiam
252 1820 416 1883 ‘uestram
454 1838 507 1883 me
541 1823 677 1907 semper
712 1816 868 1884 maximi
887 1811 1088 1905 facturum
1124 1840 1191 1884 esse
1230 1814 1327 1884 uobis

132 1965 182 2033 sit
200 1972 427 2056 persuasum.

195 2108 258 2180 Vos
297 2108 447 2204 deniqne
482 2110 577 2182 milii
610 2110 848 2204 compellandi
881 2114 979 2197 estis,
1006 2112 1260 2183 commilitones
1292 2122 1327 2183 ct

131 2261 240 2330 amici
250 2261 552 2330 coniunctissimi!
586 2258 767 2347 Quorsum
782 2285 845 2330 nos
858 2260 1078 2353 nostrafata
1091 2259 1324 2347 cleoocobunt,

132 2409 310 2477 amicitiae
336 2407 541 2489 vinculum,
568 2408 740 2478 vobiscum
761 2416 998 2493 contractum,
1014 2411 1107 2479 utin
1123 2406 1195 2478 ili'es
1209 2413 1324 2504 magis

132 2558 312 2650 magisque
338 2555 595 2649 confirmetur,
627 2554 794 2649 eqni'clem·
813 2556 1031 2627 veliementer
1057 2565 1143 2651 opto.
1208 2555 1326 2628 Valete

132 2729 247 2774 omnes
275 2705 411 2798 meique
437 2729 480 2773 ne
505 2705 585 2773 sitis
613 2704 851 2774 immemores!
