2834 4964
687 261 744 307 ΙΙ·

159 443 198 516 Si
225 443 305 539 quis
334 446 464 516 morbo
492 444 639 516 laborat
665 456 785 526 tecto,
814 443 945 516 dicitur
976 444 1168 541 ὕπουλος,
1197 448 1299 541 quod

106 573 254 669 proprie
283 588 481 669 usurpatur
507 575 554 646 de
580 578 756 659 cicatrice,
776 575 922 646 abducta
956 575 1105 646 valacrc'.
1161 577 1300 648 Malum

106 704 224 798 ipsum
252 729 402 800 quoque
431 704 569 776 όπουλον
597 703 735 776 dicitur.
765 704 851 776 Hoc
876 703 1095 776 adiectivum
1123 707 1301 778 translato

108 858 219 906 sensu
246 848 461 928 usurpatum
488 831 690 906 invenimus
717 858 805 929 pag.
835 856 907 925 327
938 835 976 908 C.
1005 842 1097 907 ποῖσα
1117 836 1144 907 δ’
1164 835 1304 916 ὕπουλος

107 967 148 1061 ἦν
188 968 211 1061 ἡ
244 960 452 1059 Μακεδονία,
485 987 572 1057 ρος.
604 985 650 1055 59
680 965 726 1035 D.
761 969 784 1061 ἡ
812 966 966 1066 κίβδηλος
999 965 1083 1062 αὕτη
1112 969 1302 1063 παρρησία,

108 1091 247 1163 ὕπουλον
274 1092 367 1187 όγκον
395 1095 528 1189 ἔχουσα.
558 1092 610 1165 Cf.
634 1092 669 1163 in
685 1093 759 1166 vita
776 1092 883 1165 Arati
902 1117 931 1164 e.
952 1117 1003 1182 40
1021 1117 1109 1188 ρος.
1131 1099 1225 1183 ιοόιγ
1246 1094 1303 1178 Α.,

107 1220 141 1290 in
182 1219 257 1292 vita
299 1219 444 1293 Galbae
486 1247 515 1294 c.
565 1247 604 1313 13
648 1247 736 1319 pag.
784 1228 879 1315 1058
922 1222 982 1318 C.‚
1018 1221 1151 1295 ibidem
1193 1248 1223 1294 c.
1256 1246 1301 1313 23

110 1375 199 1444 pag.
235 1357 326 1441 [063
359 1350 398 1422 C.

161 1481 342 1574 Exempla
371 1481 535 1576 corporis
562 1481 731 1554 vitiorum
760 1482 900 1578 tropice
929 1482 1173 1555 adhibitorum
1192 1483 1304 1555 habe-

108 1635 207 1682 mus:
236 1613 344 1704 *pag
377 1634 394 1681 2
422 1611 461 1681 B.
485 1615 508 1708 ἡ
532 1613 591 1707 μὲν
614 1614 675 1710 γὰρ
698 1611 793 1709 φύσις
816 1614 893 1684 ἀνευ
918 1612 1100 1709 μαθήσεως
1123 1613 1302 1708 τυρλόν,

107 1764 196 1834 pag.
240 1745 306 1829 167
346 1740 391 1810 A.
430 1740 582 1838 συμρορά
619 1740 748 1837 μεγάλη
785 1743 893 1838 ψυχῆς
926 1742 1197 1837 τυφλώττειν
1229 1742 1305 1839 περί

109 1998 221 2076 σκότος
249 2000 457 2094 τυφλῶσαι
484 1981 648 2093 λογισμόν.
704 1995 756 2068 Cf.
785 1995 895 2067 etiam
922 2020 1010 2091 pag.
1040 2001 1088 2086 98
1110 1997 1167 2080 Α.,
1188 2019 1234 2086 92
1253 1995 1303 2081 C.‚

110 2124 144 2195 in
172 2124 247 2197 vita
276 2126 420 2198 Galbae
448 2151 478 2198 c.
514 2131 556 2198 18
585 2150 673 2221 pag.
708 2130 799 2197 1061
831 2127 897 2212 A.‚
925 2125 959 2196 in
987 2125 1062 2198 vita
1091 2125 1198 2197 Arati
1226 2132 1303 2199 c.8

111 2278 198 2349 pag.
247 2279 341 2346 1030
383 2256 421 2328 C.
475 2256 658 2328 Virtutem
694 2257 861 2328 claudam
902 2269 1016 2328 vocat
1056 2257 1165 2351 l“pag.
1205 2280 1223 2327 2
1262 2256 1302 2327 B.

110 2388 229 2483 ἀρετὴν
270 2388 416 2484 γωλην.
472 2388 511 2457 ln
552 2386 626 2459 vita
663 2385 847 2459 Coriolani
883 2412 913 2458 c.
957 2392 999 2458 16
1037 2410 1125 2481 pag.
1158 2391 1234 2475 489
1264 2385 1303 2457 C.

109 2513 283 2608 legimus:
320 2519 533 2614 παρακαλῶν,
571 2519 656 2614 μήτε
690 2519 750 2613 τὴν
788 2508 932 2588 Ἑλλάδα
968 2517 1103 2613 γωλην,
1131 2516 1217 2613 μήτε
1244 2517 1304 2611 τὴν

108 2645 200 2715 πόλιν
229 2645 403 2742 ἑτερόζυγα
432 2646 585 2743 περιϊδεῖν
613 2648 802 2742 γενομένην.

161 2773 199 2842 ln
242 2772 453 2867 praeceptis
490 2773 542 2844 rei
582 2772 752 2868 publicae
794 2774 985 2868 gerendae
1026 2797 1115 2867 pag.
1154 2777 1227 2862 809
1266 2772 1304 2841 F.

108 2901 263 2973 Catilina
299 2905 449 2975 morbus
477 2917 515 2974 et
550 2902 695 2975 vomica
723 2902 774 2975 rei
800 2902 973 2998 publicae
1001 2914 1176 2975 vocatur:
1207 2899 1305 2973 Κατι-

112 3034 222 3125 λίνας,
250 3034 380 3129 νόσημα
406 3035 459 3104 καί
486 3034 666 3129 ἀπόστημα
692 3042 752 3129 τῆς
779 3035 920 3112 πόλεως.

160 3170 252 3263 Ρος.
282 3175 357 3241 800
386 3170 427 3241 Ε.
447 3169 532 3241 dicit
551 3169 721 3264 principis
741 3183 778 3242 et
797 3168 1061 3264 rempublicam
1081 3165 1305 3241 moderantis

108 3298 173 3372 viri
200 3299 337 3394 exigua
364 3312 541 3394 peccata,
571 3324 655 3371 cum
683 3299 852 3372 omnibus
870 3298 975 3372 facile
995 3272 1216 3394 appareant,
1235 3321 1304 3391 pro

110 3429 254 3524 magnis
295 3429 440 3513 haberi,
482 3453 704 3524 comparans
741 3455 786 3502 ea
824 3454 906 3501 cum
943 3428 1115 3502 verrucis'
1135 3427 1168 3499 in
1197 3426 1304 3499 facie:

114 3566 158 3638 ὡς
194 3560 255 3657 γὰρ
284 3563 317 3630 ἐν
345 3568 393 3658 τῷ
419 3562 587 3657 προςόιπιρ
617 3562 719 3656 ρακδς
746 3562 799 3631 καί
826 3561 1033 3658 ἀκροχορδὼν
1061 3561 1306 3656 δυσχεραίνεται

110 3689 233 3782 μᾶλλον
273 3691 296 3783 ἢ
334 3690 494 3783 στίγματα
529 3689 582 3759 καὶ
618 3689 834 3787 κολοβότητες
870 3689 923 3759 καί
959 3688 1052 3759 οὐλαί
1095 3694 1150 3757 τοῦ
1191 3686 1305 3755 λοιποῦ

110 3817 286 3910 σώματος,
320 3814 404 3885 οὕτω
431 3815 472 3885 τά
506 3816 604 3913 μικρὰ
631 3818 779 3911 φαίνεται
808 3815 936 3910 μεγάλα
963 3825 1028 3885 τῶν
1056 3813 1304 3912 ἁμαρτημάτων

110 3946 144 4012 ἐν
180 3947 383 4038 ἡγεμονικοῖς
411 3944 464 4014 καί
490 3945 664 4022 πολιτικοῖς
692 3947 844 4041 όρόιμενα
872 3943 952 4044 βίοις
980 3943 1032 4014 διά
1066 3943 1178 4036 δόξαν,
1205 3942 1246 4036 ἣν
1275 3945 1305 4010 οἱ

109 4071 225 4141 πολλοὶ
252 4073 326 4168 περὶ
345 4073 452 4168 ἀρχῆς
471 4073 524 4142 καί
542 4072 706 4150 πολιτείας
726 4073 867 4168 ἔχουσιν,
888 4077 933 4150 ὡς
948 4071 1138 4168 πράγματος
1159 4068 1302 4165 μεγάλου

110 4200 163 4270 καί
190 4197 383 4296 καθαρεύειν
412 4201 501 4279 ἀξίου
528 4199 640 4296 πάσης
668 4201 804 4278 ἀτοπίας
831 4201 884 4270 καὶ
911 4199 1154 4294 πλημμελείας.

162 4336 254 4430 Ρος.
283 4341 358 4426 476
387 4337 424 4406 F.
453 4336 569 4422 mala,
596 4360 694 4430 quae
722 4350 849 4408 nostra
875 4335 1036 4430 ipsorum
1065 4335 1176 4428 eulpa
1199 4332 1305 4405 nobis
