2866 5040
632 146 781 300 65¹

54 414 294 486 acerbitatem
323 413 520 486 adversum
547 439 684 499 servos,
712 413 949 487 diffidentiam
978 440 1071 510 erga
1102 417 1252 489 familia·
1290 451 1292 456 ·

56 569 117 617 res
158 557 196 615 et
234 557 441 639 cognatos,
483 545 800 638 quemadmodum
828 544 946 639 pictor
973 545 1141 641 ineptus,
1170 572 1253 620 cum
1359 534 1363 543 ’

54 674 210 770 pulchra
237 673 384 768 assequi
408 688 577 768 nequeat,
592 673 627 744 in
644 674 757 768 rugiS,
771 675 934 748 verrucis
948 675 1253 772 cicatricibusque

55 803 326 878 similitudinem
354 816 486 876 refert:
515 804 628 902 ὥσπερ
656 809 687 874 οί
713 807 835 900 φαῦλοι
863 806 1044 903 ζωγράφοι,
1058 815 1125 877 τῶν
1141 809 1252 878 καλῶν

55 935 267 1031 ἐφικνεῖσθαι
290 936 337 1031 μὴ
365 935 541 1029 δυνάμενοι
568 933 609 1003 δι’
639 933 830 1026 ἀσθένειαν,
858 937 893 1004 έν
922 937 1027 1031 ῥυτίσι
1054 935 1109 1006 καί
1137 943 1253 1031 φακοῖς

55 1064 113 1134 καί
152 1064 262 1142 οὐλαῖς
301 1064 360 1142 τὰς
387 1063 585 1158 ὁμοιότητας
613 1063 845 1159 ἀναφέρουσιν,
873 1061 977 1142 οὕτως
1004 1066 1127 1143 ἐκεῖνος
1155 1065 1252 1161 ἀκρα-
1336 1110 1341 1117 -

56 1193 131 1270 σίας
174 1193 320 1287 γίγνεται
363 1190 532 1287 μιμητής,
579 1190 849 1284 δεισιδαιμονίας,
878 1191 1095 1288 ἀκροχολίας,
1123 1193 1253 1288 πικρίας

56 1323 138 1417 πρδς
165 1322 306 1413 οἰκέτας,
333 1321 488 1399 ἀπιστίας
514 1322 594 1417 πρδς
621 1321 759 1398 οἰκείους
785 1318 840 1389 καί
868 1327 1046 1415 συγγενεῖς.

110 1448 202 1541 Pag.
233 1467 278 1540 57
309 1445 347 1519 C.
376 1446 572 1520 nonnullos
606 1446 693 1518 dicit
720 1446 940 1533 adulatores
968 1447 1056 1519 dum
1072 1448 1256 1519 contraria

55 1577 266 1673 vituperent
292 1591 357 1651 aut
382 1578 578 1650 traducant
605 1590 717 1671 atque
736 1575 938 1662 derideant,
967 1576 1109 1649 occulte
1125 1602 1254 1649 eorum

57 1707 193 1802 quibus
233 1721 465 1781 assentantur
499 1707 587 1779 vitia
613 1706 786 1792 laudare,
822 1705 914 1779 sicut
946 1706 1105 1801 pictores
1132 1707 1256 1779 lucida

57 1862 104 1910 ac
132 1837 326 1932 splendida
353 1837 529 1933 appositis
556 1836 740 1910 umbrosis
770 1850 807 1909 et
832 1837 1038 1909 tenebrosis
1062 1837 1256 1910 illustriora

57 1967 236 2039 reddunt:
265 1969 371 2066 έτεροι
397 1970 518 2061 τοίνυν,
547 1967 660 2065 ὥσπερ
688 1972 719 2037 οἱ
745 1967 926 2064 ζωγράφοι,
953 1967 995 2038 τά
1023 1968 1171 2063 φωτεινὰ
1199 1968 1255 2039 καί

57 2097 196 2195 λαμπρὰ
236 2104 304 2177 τοῖς
330 2103 469 2194 σκιεροῖς
497 2096 552 2167 καί
579 2102 757 2174 σκοτεινοῖς
784 2097 1001 2166 ἐπιτείνουσιν
1030 2095 1126 2191 ε’γγδς
1152 2123 1256 2194 παρα-

57 2227 266 2322 τιθεμένοις,
307 2223 393 2296 οὕτω
421 2231 471 2321 τῷ
498 2227 610 2322 ψέγειν
638 2224 798 2295 τάναντία
825 2223 880 2293 καὶ
906 2223 1066 2320 λοιδορεῖν
1095 2224 1117 2318 ἢ
1147 2224 1255 2295 διασύ-

57 2381 126 2453 ρειν
170 2355 227 2425 καί
266 2355 452 2449 καταγελᾶν
493 2352 698 2427 λανθάνουσι
742 2351 784 2423 τά
811 2352 971 2449 προςάντα
1000 2351 1086 2422 κακά
1114 2359 1181 2429 τοῖς
1207 2379 1258 2422 κο-

56 2484 292 2578 λακευομένοις
319 2484 533 2560 ἐπαινοῦντες
560 2481 616 2552 καί
641 2482 830 2577 τρέφοντες.

112 2609 183 2684 Cui
197 2610 279 2682 loco
294 2609 451 2681 conferri
465 2622 588 2704 potest
601 2632 688 2703 pag.
704 2629 777 2698 473
795 2608 846 2694 F,
865 2608 928 2679 ubi
947 2608 1000 2679 ait
1018 2608 1257 2703 philosophus

58 2741 95 2811 in
124 2739 251 2812 animo
278 2763 336 2812 res
364 2738 522 2811 maxime
551 2738 706 2811 nitentes
734 2762 777 2810 ac
801 2738 1035 2832 splendentes
1049 2762 1257 2833 proponen-

58 2870 128 2943 das
142 2869 258 2964 iisque
268 2868 417 2942 tetricas
428 2867 688 2964 opprimendas
699 2893 791 2953 esse,
806 2868 900 2940 sicut
909 2867 1068 2962 pictores
1083 2867 1118 2939 in
1129 2868 1256 2939 tabula

62 2999 260 3072 nitentibus
287 2999 474 3072 coloribus
501 3000 679 3071 obscuras
706 3011 926 3092 temperant:
955 3000 1008 3070 δεῖ
1031 2993 1069 3091 δ’,
1089 2998 1202 3095 ὥσπερ
1221 3000 1256 3067 ἐν

65 3133 205 3227 πινακίῳ
243 3131 445 3228 χρωμάτων,
480 3132 515 3199 έν
544 3137 588 3226 τῇ
615 3131 708 3226 ψυχῇ
734 3136 801 3200 τῶν
834 3127 1038 3225 πραγμάτων
1066 3127 1107 3197 τὰ
1135 3126 1257 3222 φαιδρὰ
1331 3164 1333 3168 ⁴

68 3259 117 3330 καί
159 3259 296 3357 λαμπρά
342 3259 592 3359 προβάλλοντας
637 3257 858 3355 ἀποκρύπτειν
899 3256 941 3327 τά
980 3253 1163 3352 σκυθρωπὰ
1203 3253 1257 3324 καί

70 3388 203 3468 πιέζειν.
234 3387 406 3483 ἐξαλεῖψαι
433 3385 492 3483 γάρ
520 3387 577 3456 οδκ
604 3387 675 3456 ἔστι
701 3385 913 3456 παντάπασιν
928 3378 994 3454 οὐδ’
1010 3383 1256 3477 ἀπαλλαγῆναι.

116 3533 208 3626 Pag.
250 3537 297 3622 64
340 3532 387 3603 A.
428 3530 631 3603 adulatoris
671 3530 767 3602 facta
794 3529 881 3600 nihil
908 3528 1014 3610 iusti,
1045 3527 1131 3598 nihil
1157 3526 1256 3610 veri,

66 3660 151 3733 nihil
177 3662 334 3757 simplex
354 3661 492 3733 habere
511 3660 608 3746 dicit,
636 3660 830 3755 ipsumque
851 3658 1008 3743 sudare,
1036 3657 1259 3739 discurrere,

56 3790 234 3878 clamare,
262 3792 402 3864 vultum
430 3790 670 3874 contrahere,
698 3802 739 3860 ut
764 3787 972 3860 laboriosae
1000 3800 1038 3858 et
1063 3786 1254 3858 festinatae

49 3943 196 4013 operae
223 3921 383 4018 speciem
411 3922 607 4017 praebeat,
637 3943 856 4014 comparans
883 3940 1067 3989 eumcum
1081 3915 1253 3985 affectata

43 4062 127 4120 aut
150 4053 275 4148 inepta
301 4051 457 4147 pictura,
499 4075 595 4145 quae
624 4049 781 4122 audacia
809 4047 971 4142 quadam
1000 4045 1176 4127 colorum,
1204 4044 1254 4114 in-

38 4177 162 4258 flexis
201 4182 324 4279 plicis,
361 4181 464 4276 mgis
491 4197 528 4253 et
555 4180 701 4274 angulis
729 4178 935 4251 evidentiae
963 4175 1123 4270 speciem
1152 4174 1254 4245 indu-

36 4326 147 4385 ΕΒΓΘ
187 4326 365 4386 conatur:
405 4316 442 4384 τδ
480 4313 516 4383 δὲ
542 4319 599 4384 τοῦ
626 4313 764 4390 κόλακος
790 4312 883 4407 ’ἔργον
912 4308 1005 4378 οὐδέν
1033 4307 1105 4402 ἔχει
1133 4305 1255 4375 δίκαιον
