2834 4964
637 262 704 333 125

57 448 206 534 solent,
251 461 290 521 ut
325 446 366 520 iis
401 445 608 543 applicatae
644 446 678 518 in
716 448 829 520 altum
861 472 901 521 se
930 447 1074 542 erigere
1102 464 1140 521 et
1166 464 1265 521 recte

57 577 276 673 germinare
304 575 454 672 possint
510 576 652 669 Quibus
675 575 875 650 cultoribus
889 577 1046 673 scriptor
1060 582 1169 674 *pag
1185 604 1207 671 4
1226 579 1265 653 C.

58 708 210 781 confert
250 706 450 802 magistros
490 709 631 802 probos
671 706 751 803 qui,
795 721 983 804 tamquam
1019 709 1266 803 pedamentis,

58 837 249 912 accuratis
275 836 486 932 praeceptis
513 837 894 933 admonitionibusque
918 838 1173 911 adolescentes
1196 840 1267 912 suf-

59 967 240 1054 fulciunt,
268 981 320 1040 ut.
336 991 462 1040 eorem
490 991 612 1039 mores
640 980 742 1039 recte
766 966 850 1040 inde
869 967 1093 1063 germinent:
1113 971 1266 1068 καθάπερ

58 1099 122 1179 τὰς
158 1100 311 1196 χάρακας
347 1103 378 1169 οἱ
404 1098 542 1193 γεωργοὶ
577 1104 643 1176 τοῖς
677 1105 789 1193 φυτοῖς
817 1097 1079 1196 παρατιθέασιν,
1108 1098 1209 1179 οὕτως
1237 1105 1268 1170 οἱ

58 1228 198 1323 νόμιμοι
234 1236 300 1297 τῶν
327 1225 534 1298 διδασκάλων
561 1226 719 1322 ἐμμελεῖς
746 1227 803 1306 τὰς
831 1226 1006 1324 ὑποθήκας
1033 1229 1088 1299 καὶ
1115 1231 1267 1326 παραινέ-

61 1383 135 1436 σεις
176 1353 453 1453 παραπηγνύουσι
493 1362 560 1434 τοῖς
599 1357 703 1446 νέοις,
744 1352 780 1424 ἵν’
821 1355 906 1452 όρθόι
946 1355 1068 1426 τούτων
1097 1357 1267 1457 βλαστάνῃ

60 1485 105 1556 τὰ
133 1484 224 1580 ἤθη.

117 1613 212 1707 Pag.
246 1632 287 1704 15
319 1610 358 1682 F.
378 1610 669 1704 mandragoras,
694 1608 794 1682 iuxta
810 1609 902 1683 vites
917 1635 1074 1684 nascens
1088 1636 1267 1717 suamque

62 1742 139 1815 vim
181 1740 378 1837 sopiferam
417 1738 453 1811 in
493 1739 616 1812 vinum
658 1739 885 1826 diffundenS,
926 1740 961 1813 in
991 1741 1267 1837 comparatione

66 1869 272 1942 adhibetur.
315 1867 511 1941 Confertur
551 1892 684 1963 nempe
711 1868 853 1963 poesis
884 1869 1027 1943 facilem
1056 1885 1093 1944 et
1120 1887 1267 1967 gratam
1368 1894 1371 1899 ’

67 1996 369 2072 adolescentibus
395 1996 647 2092 philosophiae
666 1999 943 2095 perceptionem
961 2004 1162 2097 praebens,
1184 2027 1266 2075 cum

70 2131 323 2224 mandragora
363 2127 551 2213 efficienti,
595 2142 634 2201 ut
670 2129 818 2202 suavius
845 2131 1028 2204 dormiant
1055 2132 1115 2228 qui
1128 2131 1266 2204 'uinum

70 2259 260 2333 biberunt:
287 2261 402 2358 ὥσπερ
429 2264 446 2331 ό
473 2260 700 2357 μανδραγόρας
727 2268 796 2340 ταῖς
824 2262 985 2357 ἀμπέλοις
1012 2264 1266 2360 παραφυόμενος

71 2391 126 2462 καλ
152 2389 314 2469 διαδιδοὺς
339 2390 400 2485 τὴν
428 2388 564 2483 δύναμιν
591 2389 637 2466 εἰς
664 2390 719 2458 τδν
739 2391 823 2459 οἶνον
843 2391 1080 2489 μαλακώτεραι
1098 2393 1265 2487 ποιεῖτὴν

73 2518 259 2616 καταφορὰν
298 2524 365 2597 τοῖς
403 2519 570 2612 πίνουσιν,
611 2515 696 2587 οὕτω
735 2517 810 2596 τοὺς
849 2519 964 2613 λόγους
1003 2523 1026 2615 ἡ
1063 2521 1196 2616 ποίησις
1233 2521 1269 2589 ἐκ

75 2648 267 2743 φιλοσοφίας
293 2645 575 2746 ἀναλαμβάνουσα
603 2647 817 2740 μιγνυμένους
844 2649 924 2744 πρδς
951 2650 987 2718 rb
1017 2646 1171 2742 μυθῶδες
1194 2649 1268 2718 έλα-

75 2776 156 2874 ρρὰν
182 2776 236 2847 καλ
261 2775 429 2873 προςφιλῆ
457 2775 598 2871 παρέχει
625 2781 691 2851 τοῖς
718 2775 803 2853 νέοις
830 2776 890 2870 τὴν
920 2775 1079 2872 μάθησιν.

127 2904 212 2976 Νοη
239 2902 327 2976 satis
354 2902 454 2975 clara
482 2915 567 2974 sunt
593 2900 710 2973 verba
739 2904 952 2998 μιγνυμένους
984 2904 1065 3001 πρὸς
1091 2905 1127 2974 τό
1155 2904 1268 2999 μυθῶ-

81 3037 140 3116 δες.
179 3031 369 3106 Sententia
387 3032 569 3128 postulat,
592 3045 633 3102 ut
652 3056 733 3103 cum
753 3030 947 3126 Xylandro
966 3030 1267 3126 interpretemur:

83 3163 218 3259 „poesis
243 3188 265 3236 e
291 3158 525 3259 philosophia
552 3161 757 3234 doctrinam
772 3162 968 3234 desumens
983 3186 1141 3258 eamque
1165 3161 1268 3234 sabu-

81 3292 120 3366 lis
154 3292 376 3389 permiscens
416 3291 558 3365 facilem
601 3291 677 3364 eius
719 3305 757 3363 et
792 3305 938 3385 gratam
967 3291 1266 3365 adolescentibus

82 3423 347 3520 perceptionem
384 3424 549 3518 praebet.
605 3423 658 3494 At
694 3421 852 3494 lectione
882 3426 1097 3518 μιγνυμένους
1124 3435 1268 3495 retenta

83 3579 149 3626 non
174 3568 296 3651 patet,
333 3554 436 3650 quod
463 3552 556 3626 ratio
592 3551 758 3647 requirit,
795 3553 843 3623 ab
870 3551 950 3647 ipsa
978 3553 1084 3647 poesi
1108 3553 1268 3647 philoso-

83 3685 180 3778 phiae
205 3698 407 3781 praecepta
434 3682 565 3756 fabulis
592 3681 794 3755 admisceri.
826 3683 1023 3755 Vocabulo
1052 3686 1267 3779 μιγνυμένους

82 3829 212 3889 mutato
238 3815 274 3888 in
298 3814 459 3888 activum
487 3816 541 3886 καλ
569 3821 707 3909 μιγνῦσα
736 3812 858 3885 omnia
882 3827 983 3885 recte
1011 3837 1051 3884 se
1074 3812 1265 3885 haberent.

83 3945 180 4038 Quae
206 3961 331 4019 tamen
359 3943 511 4017 mutatio
539 3957 596 4015 est
623 3942 710 4015 satis
738 3968 887 4038 magna.
943 3943 1070 4037 ltaque
1094 3941 1266 4036 probabi-

79 4075 141 4149 lior
166 4076 249 4149 mihi
274 4075 420 4149 videtur
434 4072 832 4146 coniecturaLarsenii
850 4072 911 4168 qui
927 4072 961 4143 in
982 4070 1266 4143 Dissertatione:

81 4176 203 4297 „stud
232 4204 355 4280 Critic.
381 4203 415 4274 in
445 4202 537 4274 Plut.
565 4202 680 4273 Mor.’'
710 4201 879 4273 Hauniae
909 4206 1003 4290 1r89
1031 4223 1118 4294 pag.
1135 4223 1180 4289 33
1197 4225 1266 4294 pro

79 4342 289 4436 μιγνυμένους
328 4333 487 4407 scribere
515 4331 705 4427 proponit:
748 4334 940 4427 μιγνυμένου
966 4337 1034 4425 νοῦ,
1069 4330 1156 4400 dum
1184 4355 1266 4402 ora-
