2834 4964
684 244 726 291 21

101 424 261 526 ρησίαςλ,
302 423 330 526 ᾧ
364 430 529 526 χρόιμενοι
563 427 863 535 προςαπολλόουσιν
899 429 1033 509 ἑαυτοὺς
1068 431 1128 526 τὴν
1164 433 1239 529 περί
1265 433 1301 502 πθ

108 560 215 655 φρέαρ
242 558 379 654 ὄρχησιν
407 557 553 653 ἀτεχνῶς
581 555 783 655 ὀρχούμενοι.

162 684 346 770 Similiter,
384 696 425 755 ut
465 697 666 766 nostrates,
705 684 922 757 Plutarchus
950 687 1185 783 ἔσοπτρον,
1212 688 1303 759 κάτ-

105 842 289 913 οπτρον,
342 814 540 908 speculum,
600 812 635 885 in
689 813 964 909 comparatione
1014 815 1174 888 adhibet.
1241 815 1302 888 Sic

107 946 219 1038 *pag
262 968 303 1034 14
333 944 380 1015 A.
423 957 595 1038 oportere
636 943 722 1017 dicit
772 959 945 1039 parentes
985 944 1069 1018 nihil
1108 946 1302 1040 peccando

108 1072 304 1168 omniaque
339 1099 408 1168 pro
445 1073 561 1147 officii
586 1073 788 1147 rationibus
819 1076 971 1170 agendo
1008 1075 1146 1148 clarum
1182 1075 1303 1150 liberis
1397 1108 1400 1113 ·

104 1204 317 1298 exemplum
345 1206 546 1298 praebere,
574 1217 614 1276 ut
640 1204 675 1276 hi
693 1204 728 1278 in
752 1204 916 1299 ipsorum
929 1203 1041 1278 vitam
1062 1219 1250 1302 tamquam
1268 1205 1302 1277 in

101 1334 301 1429 :speculum
328 1334 529 1421 intuentes,
557 1360 579 1406 a
607 1334 774 1429 turpibus
802 1334 906 1408 dictis
932 1335 1112 1431 factisque
1135 1350 1304 1409 avertan-

110 1478 188 1536 tur:
216 1467 279 1562 πρὸ
306 1466 435 1536 πάντων
462 1465 524 1563 γάρ
552 1468 604 1536 δεῖ
625 1465 700 1545 τοὺς
727 1469 872 1564 πατέρας
897 1474 946 1564 τῷ
974 1467 1077 1564 μηδὲν
1109 1467 1304 1565 ἁμαρτάνειν

111 1594 183 1666 ἀλλ’
222 1593 321 1666 πανθ
349 1594 371 1665 ἃ
404 1595 456 1665 δεῖ
486 1595 638 1691 πράττειν
674 1595 806 1692 ἐναργές
844 1595 960 1674 αὑτοὺς
995 1596 1205 1693 παράδειγμα
1239 1604 1304 1675 τοῖς

111 1727 232 1802 τέκνοις
260 1725 437 1821 παρέχειν,
465 1724 516 1794 ίνα
542 1725 622 1821 πρὸς
649 1726 703 1793 τόν
730 1722 852 1794 τούτων
880 1723 948 1822 βίον
988 1724 1102 1821 ὥσπερ
1128 1724 1305 1822 κάτοπτρον
1409 1785 1412 1796 .

112 1852 357 1951 ἀποβλέποντες
385 1852 633 1949 ἀποτρέπωνται
659 1860 725 1923 τῶν
753 1854 899 1948 αίσχρῶν
928 1853 1031 1949 ἔργων
1058 1853 1111 1923 καί
1137 1854 1252 1947 λόγων.

165 1969 276 2043 Simili
304 1968 580 2065 comparatione
608 1969 719 2042 utitur
745 1994 832 2065 pag.
864 1991 908 2062 53
938 1970 984 2041 A.
1018 1972 1065 2043 de
1093 1971 1305 2059 adulatore,

104 2101 175 2198 ·qui
210 2126 250 2174 se
278 2103 327 2172 ad
362 2099 510 2173 alterius
537 2101 744 2196 exemplum
774 2100 978 2195 componit:
1007 2103 1098 2199 δίκην
1126 2104 1305 2200 κατόπτρου

111 2231 240 2303 παθῶν
261 2231 398 2302 ὀθνείων
425 2233 478 2303 καλ
506 2232 584 2331 βίων
610 2233 664 2302 καλ
690 2233 878 2329 κινημάτων
907 2233 1031 2310 εἰκόνας
1054 2232 1303 2328 ἀναδεχόμενον.

114 2360 166 2433 cf.
194 2384 282 2455 pag.
312 2365 357 2452 85
388 2361 443 2446 B.,
471 2363 580 2454 *pag
615 2381 682 2449 172
713 2361 760 2431 D.

109 2563 112 2567 ,
167 2489 337 2586 Denique
378 2490 450 2562 huc
487 2489 645 2584 pertinet
681 2488 926 2585 comparati0,
966 2513 1077 2585 quam
1104 2488 1305 2562 invenimus

111 2646 200 2716 pag.
234 2627 303 2714 765
344 2621 400 2692 F.:
439 2623 473 2691 ἐν
507 2623 617 2693 παισίν
652 2623 705 2693 καλ
739 2622 878 2717 γυναιξίν
914 2622 1027 2718 ὥσπερ
1055 2623 1089 2691 έν
1116 2622 1304 2718 κατόπτροις

109 2753 247 2823 εἰθωλον
274 2753 372 2823 αὐτοῦ
402 2749 489 2842 (scil.
516 2758 573 2821 τοῦ
600 2750 692 2822 θείου
719 2751 772 2821 καλ
799 2748 986 2843 θαυμασίου
1013 2747 1128 2842 καλοῦ)
1146 2750 1304 2844 φανταίό

111 2906 207 2975 μενον
234 2881 404 2959 διώκοντες
431 2881 484 2952 καλ
515 2882 746 2977 ψηλαφῶντες.

164 3009 256 3102 Pag.
291 3031 359 3099 139
387 3009 426 3079 F.
462 3006 649 3079 mulierem
677 3005 845 3092 divitem,
886 3029 956 3076 nec
982 3003 1060 3087 viro
1088 3002 1236 3078 similem
1263 3028 1303 3076 se

105 3151 304 3232 gerentem
336 3162 404 3210 nec
434 3161 556 3210 mores
584 3160 769 3209 consonos
797 3135 996 3207 habentem
1022 3133 1179 3228 scriptor
1207 3159 1304 3206 com-

110 3282 219 3362 parat
246 3293 329 3343 cum
356 3268 529 3363 specu10,
557 3293 648 3340 auro
676 3280 713 3339 et
745 3265 900 3360 gemmis
927 3280 1078 3347 ornat0,
1107 3264 1303 3360 imaginem

110 3424 200 3471 vero
220 3400 331 3471 rebus
358 3398 506 3471 similem
534 3424 608 3471 non
631 3396 815 3470 exhibenti
840 3396 998 3491 ideoque
1017 3396 1065 3468 ad
1088 3420 1193 3467 usum
1221 3394 1304 3466 nihil

111 3528 263 3601 valenti:
301 3531 414 3627 όισπερ
449 3531 608 3627 ἐσόπτρου
641 3529 942 3621 κατεσκευασμένου
975 3535 1089 3624 χρυσῷ
1120 3527 1175 3597 καί
1199 3525 1302 3605 λίθοις

111 3659 230 3755 όφελος
259 3660 351 3730 οὐδέν
378 3661 475 3753 ἐστιν,
504 3661 532 3728 εἰ
560 3659 606 3753 μὴ
635 3658 774 3727 δείκνυσι
800 3658 860 3752 τὴν
889 3656 1019 3752 μορφὴν
1047 3657 1172 3749 ὁμοίαν,
1201 3652 1302 3732 οὕτως

111 3788 186 3858 οὐδὲ
205 3789 362 3866 πλουσίας
389 3794 537 3883 γαμετῆς
564 3786 696 3882 όνησις,
724 3787 752 3855 εί
774 3785 821 3881 μὴ
848 3786 988 3882 παρέχει
1014 3785 1068 3854 τὀν
1097 3782 1164 3882 βίον
1192 3781 1302 3875 όμυιον

110 3922 159 4013 τῷ
185 3916 274 4013 ἀνδρὶ
301 3916 353 3986 καλ
381 3913 554 4010 σύμφωνον
581 3916 617 3984 rb
644 3911 740 4010 ἦθος.

164 4044 255 4138 Pag.
294 4025 377 4134 384Ι
405 4042 451 4114 A.
479 4067 502 4114 a
529 4040 669 4136 speculi
694 4038 867 4120 laevitate
896 4037 1209 4134 comparationem
1240 4036 1302 4110 de-

108 4173 280 4268 sumpsit,
308 4172 372 4244 ubi
398 4171 549 4268 „cyphi”
576 4171 790 4244 facultatem
817 4168 925 4243 animi
951 4166 1237 4262 imaginatricem
1265 4180 1303 4240 et

103 4303 331 4377 somniorum
373 4326 551 4397 capacem
591 4300 780 4396 laevigare
821 4298 906 4371 dicit
944 4297 1056 4370 instar
1083 4295 1239 4392 speculi:
1267 4301 1302 4369 rh
