<?xml version="1.0" encoding="UTF-8"?>
<!DOCTYPE html PUBLIC "-//W3C//DTD XHTML 1.0 Transitional//EN"
    "http://www.w3.org/TR/xhtml1/DTD/xhtml1-transitional.dtd">
<html xmlns="http://www.w3.org/1999/xhtml" xml:lang="en" lang="en">
 <head>
  <title>
</title>
<meta http-equiv="Content-Type" content="text/html;charset=utf-8" />
  <meta name='ocr-system' content='tesseract 3.04.00' />
  <meta name='ocr-capabilities' content='ocr_page ocr_carea ocr_par ocr_line ocrx_word'/>
</head>
<body>
  <div class='ocr_page' id='page_1' title='image "./decomparationib00drongoog_0094.png"; bbox 0 0 2866 5040; ppageno 0'>
   <div class='ocr_carea' id='block_1_1' title="bbox 662 230 706 300">
    <p class='ocr_par' dir='ltr' id='par_1_1' title="bbox 662 230 706 300">
     <span class='ocr_line' id='line_1_1' title="bbox 662 230 706 300; baseline 0.023 -1"><span class='ocrx_word' id='word_1_1' title='bbox 662 230 706 300; x_wconf 91' lang='lat'>77</span> 
     </span>
    </p>
   </div>
   <div class='ocr_carea' id='block_1_2' title="bbox 78 415 1278 1289">
    <p class='ocr_par' dir='ltr' id='par_1_2' title="bbox 78 415 1278 770">
     <span class='ocr_line' id='line_1_2' title="bbox 78 415 1275 517; baseline 0.003 -30"><span class='ocrx_word' id='word_1_2' title='bbox 78 439 168 488; x_wconf 92' lang='lat' dir='ltr'>cum</span> <span class='ocrx_word' id='word_1_3' title='bbox 197 415 449 488; x_wconf 88' lang='lat' dir='ltr'>Herwerdeno</span> <span class='ocrx_word' id='word_1_4' title='bbox 478 415 627 513; x_wconf 84' lang='lat' dir='ltr'>(Mnem.</span> <span class='ocrx_word' id='word_1_5' title='bbox 654 422 750 507; x_wconf 83' lang='lat'>1890</span> <span class='ocrx_word' id='word_1_6' title='bbox 770 442 857 512; x_wconf 85' lang='lat' dir='ltr'>pag.</span> <span class='ocrx_word' id='word_1_7' title='bbox 879 417 967 514; x_wconf 80' lang='lat'>371)</span> <span class='ocrx_word' id='word_1_8' title='bbox 985 419 1131 514; x_wconf 84' lang='lat' dir='ltr'>legere:</span> <span class='ocrx_word' id='word_1_9' title='bbox 1154 423 1275 517; x_wconf 78' lang='grc' dir='ltr'>ἔχομεν</span> 
     </span>
     <span class='ocr_line' id='line_1_3' title="bbox 79 546 1278 648; baseline 0.004 -31"><span class='ocrx_word' id='word_1_10' title='bbox 79 546 148 643; x_wconf 76' lang='grc' dir='ltr'>γὰρ</span> <span class='ocrx_word' id='word_1_11' title='bbox 175 548 212 616; x_wconf 69' lang='lat' dir='ltr'>ab</span> <span class='ocrx_word' id='word_1_12' title='bbox 240 546 300 642; x_wconf 77' lang='grc' dir='ltr'>ζῆν</span> <span class='ocrx_word' id='word_1_13' title='bbox 328 546 422 644; x_wconf 87' lang='grc' dir='ltr'>παρ’</span> <span class='ocrx_word' id='word_1_14' title='bbox 450 551 555 644; x_wconf 77' lang='grc' dir='ltr'>ἡμῖν</span> <span class='ocrx_word' id='word_1_15' title='bbox 584 547 972 644; x_wconf 82' lang='grc' dir='ltr'>κατατεθειμένον</span> <span class='ocrx_word' id='word_1_16' title='bbox 1000 550 1091 630; x_wconf 88' lang='grc' dir='ltr'>θεοῖς</span> <span class='ocrx_word' id='word_1_17' title='bbox 1110 550 1142 648; x_wconf 84' lang='lat' dir='ltr'>(i.</span> <span class='ocrx_word' id='word_1_18' title='bbox 1159 578 1189 624; x_wconf 91' lang='lat' dir='ltr'>e.</span> <span class='ocrx_word' id='word_1_19' title='bbox 1215 553 1278 623; x_wconf 73' lang='grc' dir='ltr'>ὑπο</span> 
     </span>
     <span class='ocr_line' id='line_1_4' title="bbox 79 670 441 770; baseline -0.006 -24"><span class='ocrx_word' id='word_1_20' title='bbox 79 670 194 767; x_wconf 82' lang='grc' dir='ltr'>θεῶν)</span> <span class='ocrx_word' id='word_1_21' title='bbox 223 674 256 753; x_wconf 78' lang='grc' dir='ltr'>ἐξ</span> <span class='ocrx_word' id='word_1_22' title='bbox 283 673 441 770; x_wconf 75' lang='grc' dir='ltr'><strong>ἀνάγκης.</strong></span> 
     </span>
    </p>

    <p class='ocr_par' dir='ltr' id='par_1_3' title="bbox 78 800 1278 1289">
     <span class='ocr_line' id='line_1_5' title="bbox 138 800 1277 910; baseline 0.005 -36"><span class='ocrx_word' id='word_1_23' title='bbox 138 801 189 874; x_wconf 85' lang='lat' dir='ltr'>Cf.</span> <span class='ocrx_word' id='word_1_24' title='bbox 216 801 251 873; x_wconf 92' lang='lat' dir='ltr'>in</span> <span class='ocrx_word' id='word_1_25' title='bbox 280 801 353 873; x_wconf 88' lang='lat' dir='ltr'>vita</span> <span class='ocrx_word' id='word_1_26' title='bbox 381 800 680 910; x_wconf 17' lang='lat' dir='ltr'>Ciceronishpag.</span> <span class='ocrx_word' id='word_1_27' title='bbox 701 807 774 873; x_wconf 82' lang='lat'>868</span> <span class='ocrx_word' id='word_1_28' title='bbox 795 801 854 874; x_wconf 80' lang='lat' dir='ltr'>C:</span> <span class='ocrx_word' id='word_1_29' title='bbox 882 808 1217 904; x_wconf 74' lang='grc' dir='ltr'>παρακατατίθεσθαι</span> <span class='ocrx_word' id='word_1_30' title='bbox 1236 810 1277 880; x_wconf 86' lang='grc' dir='ltr'>τὰ</span> 
     </span>
     <span class='ocr_line' id='line_1_6' title="bbox 78 930 1259 1030; baseline 0.004 -27"><span class='ocrx_word' id='word_1_31' title='bbox 78 933 264 1030; x_wconf 78' lang='grc' dir='ltr'>πράγματα</span> <span class='ocrx_word' id='word_1_32' title='bbox 291 940 357 1012; x_wconf 85' lang='grc' dir='ltr'>τοῖς</span> <span class='ocrx_word' id='word_1_33' title='bbox 384 933 538 1026; x_wconf 74' lang='grc' dir='ltr'>ὑπάτοις,</span> <span class='ocrx_word' id='word_1_34' title='bbox 565 930 584 1002; x_wconf 93' lang='lat' dir='ltr'>i.</span> <span class='ocrx_word' id='word_1_35' title='bbox 600 956 631 1003; x_wconf 90' lang='lat' dir='ltr'>e.</span> <span class='ocrx_word' id='word_1_36' title='bbox 650 956 727 1003; x_wconf 92' lang='lat' dir='ltr'>rem</span> <span class='ocrx_word' id='word_1_37' title='bbox 746 931 930 1026; x_wconf 83' lang='lat' dir='ltr'>publicam</span> <span class='ocrx_word' id='word_1_38' title='bbox 950 934 1159 1008; x_wconf 89' lang='lat' dir='ltr'>consulibus</span> <span class='ocrx_word' id='word_1_39' title='bbox 1179 960 1259 1008; x_wconf 94' lang='lat' dir='ltr'>com</span> 
     </span>
     <span class='ocr_line' id='line_1_7' title="bbox 78 1059 1278 1161; baseline 0.004 -29"><span class='ocrx_word' id='word_1_40' title='bbox 78 1059 245 1146; x_wconf 88' lang='lat' dir='ltr'>mittere,</span> <span class='ocrx_word' id='word_1_41' title='bbox 273 1059 308 1131; x_wconf 91' lang='lat' dir='ltr'>in</span> <span class='ocrx_word' id='word_1_42' title='bbox 335 1059 410 1133; x_wconf 89' lang='lat' dir='ltr'>vita</span> <span class='ocrx_word' id='word_1_43' title='bbox 428 1060 528 1133; x_wconf 83' lang='lat' dir='ltr'>Bruti</span> <span class='ocrx_word' id='word_1_44' title='bbox 546 1086 634 1156; x_wconf 84' lang='lat' dir='ltr'>pag.</span> <span class='ocrx_word' id='word_1_45' title='bbox 663 1085 759 1133; x_wconf 90' lang='lat'>1010</span> <span class='ocrx_word' id='word_1_46' title='bbox 776 1063 840 1134; x_wconf 89' lang='lat' dir='ltr'>A.:</span> <span class='ocrx_word' id='word_1_47' title='bbox 861 1065 902 1136; x_wconf 86' lang='grc' dir='ltr'>τὰ</span> <span class='ocrx_word' id='word_1_48' title='bbox 920 1065 1063 1161; x_wconf 82' lang='grc' dir='ltr'>σώματα</span> <span class='ocrx_word' id='word_1_49' title='bbox 1081 1074 1148 1146; x_wconf 85' lang='grc' dir='ltr'>τοῖς</span> <span class='ocrx_word' id='word_1_50' title='bbox 1166 1068 1278 1146; x_wconf 80' lang='grc' dir='ltr'>ὅπλοις</span> 
     </span>
     <span class='ocr_line' id='line_1_8' title="bbox 78 1190 432 1289; baseline 0 -27"><span class='ocrx_word' id='word_1_51' title='bbox 78 1190 432 1289; x_wconf 78' lang='grc' dir='ltr'>παρακατατίθεσθαι.</span> 
     </span>
    </p>
   </div>
   <div class='ocr_carea' id='block_1_3' title="bbox 162 1396 1200 1495">
    <p class='ocr_par' dir='ltr' id='par_1_4' title="bbox 162 1396 1200 1495">
     <span class='ocr_line' id='line_1_9' title="bbox 162 1396 1200 1495; baseline 0.004 -28"><span class='ocrx_word' id='word_1_52' title='bbox 162 1396 181 1495; x_wconf 61' lang='grc' dir='ltr'>ξ</span> <span class='ocrx_word' id='word_1_53' title='bbox 215 1420 269 1487; x_wconf 85' lang='lat'>13.</span> <span class='ocrx_word' id='word_1_54' title='bbox 324 1396 600 1469; x_wconf 77' lang='lat' dir='ltr'><strong>METAPHORAE</strong></span> <span class='ocrx_word' id='word_1_55' title='bbox 625 1423 651 1468; x_wconf 92' lang='lat' dir='ltr'><strong>A</strong></span> <span class='ocrx_word' id='word_1_56' title='bbox 679 1422 731 1469; x_wconf 84' lang='lat' dir='ltr'>RE</span> <span class='ocrx_word' id='word_1_57' title='bbox 759 1421 905 1470; x_wconf 82' lang='lat' dir='ltr'>NAVALI</span> <span class='ocrx_word' id='word_1_58' title='bbox 931 1421 1200 1471; x_wconf 76' lang='lat' dir='ltr'>DEPRouPTAE.</span> 
     </span>
    </p>
   </div>
   <div class='ocr_carea' id='block_1_4' title="bbox 78 1587 1278 3892">
    <p class='ocr_par' dir='ltr' id='par_1_5' title="bbox 78 1587 1278 2334">
     <span class='ocr_line' id='line_1_10' title="bbox 138 1587 1277 1684; baseline 0.002 -24"><span class='ocrx_word' id='word_1_59' title='bbox 138 1587 229 1660; x_wconf 90' lang='lat' dir='ltr'>Cum</span> <span class='ocrx_word' id='word_1_60' title='bbox 256 1588 358 1682; x_wconf 92' lang='lat' dir='ltr'>apud</span> <span class='ocrx_word' id='word_1_61' title='bbox 386 1611 513 1660; x_wconf 90' lang='lat' dir='ltr'>omnes</span> <span class='ocrx_word' id='word_1_62' title='bbox 532 1587 728 1683; x_wconf 85' lang='lat' dir='ltr'>scriptores</span> <span class='ocrx_word' id='word_1_63' title='bbox 748 1589 931 1675; x_wconf 85' lang='lat' dir='ltr'>Graecos,</span> <span class='ocrx_word' id='word_1_64' title='bbox 951 1614 1025 1661; x_wconf 91' lang='lat' dir='ltr'>non</span> <span class='ocrx_word' id='word_1_65' title='bbox 1045 1588 1147 1662; x_wconf 85' lang='lat' dir='ltr'>aliter</span> <span class='ocrx_word' id='word_1_66' title='bbox 1166 1615 1277 1684; x_wconf 89' lang='lat' dir='ltr'>quam</span> 
     </span>
     <span class='ocr_line' id='line_1_11' title="bbox 79 1718 1277 1816; baseline 0.003 -26"><span class='ocrx_word' id='word_1_67' title='bbox 79 1718 188 1812; x_wconf 93' lang='lat' dir='ltr'>apud</span> <span class='ocrx_word' id='word_1_68' title='bbox 202 1731 401 1804; x_wconf 80' lang='lat' dir='ltr'>nostrateS,</span> <span class='ocrx_word' id='word_1_69' title='bbox 417 1718 516 1790; x_wconf 93' lang='lat' dir='ltr'>nulla</span> <span class='ocrx_word' id='word_1_70' title='bbox 536 1732 592 1791; x_wconf 91' lang='lat' dir='ltr'>est</span> <span class='ocrx_word' id='word_1_71' title='bbox 609 1719 827 1815; x_wconf 80' lang='lat' dir='ltr'>metaphora</span> <span class='ocrx_word' id='word_1_72' title='bbox 845 1718 1069 1816; x_wconf 84' lang='lat' dir='ltr'>frequentior</span> <span class='ocrx_word' id='word_1_73' title='bbox 1086 1719 1162 1807; x_wconf 85' lang='lat' dir='ltr'>illis,</span> <span class='ocrx_word' id='word_1_74' title='bbox 1181 1747 1277 1816; x_wconf 89' lang='lat' dir='ltr'>quae</span> 
     </span>
     <span class='ocr_line' id='line_1_12' title="bbox 78 1849 1278 1944; baseline 0.002 -22"><span class='ocrx_word' id='word_1_75' title='bbox 78 1863 251 1944; x_wconf 85' lang='lat' dir='ltr'>sumptae</span> <span class='ocrx_word' id='word_1_76' title='bbox 278 1862 364 1921; x_wconf 90' lang='lat' dir='ltr'>sunt</span> <span class='ocrx_word' id='word_1_77' title='bbox 390 1873 413 1920; x_wconf 88' lang='lat' dir='ltr'>a</span> <span class='ocrx_word' id='word_1_78' title='bbox 439 1874 479 1921; x_wconf 89' lang='lat' dir='ltr'>re</span> <span class='ocrx_word' id='word_1_79' title='bbox 502 1849 641 1931; x_wconf 88' lang='lat' dir='ltr'>navali,</span> <span class='ocrx_word' id='word_1_80' title='bbox 662 1864 738 1922; x_wconf 91' lang='lat' dir='ltr'>tum</span> <span class='ocrx_word' id='word_1_81' title='bbox 759 1851 859 1944; x_wconf 93' lang='lat' dir='ltr'>apud</span> <span class='ocrx_word' id='word_1_82' title='bbox 877 1849 1113 1922; x_wconf 85' lang='lat' dir='ltr'>Plutarchum</span> <span class='ocrx_word' id='word_1_83' title='bbox 1133 1853 1278 1924; x_wconf 85' lang='lat' dir='ltr'>creber-</span> 
     </span>
     <span class='ocr_line' id='line_1_13' title="bbox 79 1977 1278 2075; baseline 0.001 -24"><span class='ocrx_word' id='word_1_84' title='bbox 79 1977 195 2051; x_wconf 87' lang='lat' dir='ltr'>rimae</span> <span class='ocrx_word' id='word_1_85' title='bbox 223 1979 462 2075; x_wconf 87' lang='lat' dir='ltr'>metaphorae</span> <span class='ocrx_word' id='word_1_86' title='bbox 490 1992 527 2051; x_wconf 89' lang='lat' dir='ltr'>et</span> <span class='ocrx_word' id='word_1_87' title='bbox 545 1979 842 2074; x_wconf 89' lang='lat' dir='ltr'>comparationes</span> <span class='ocrx_word' id='word_1_88' title='bbox 860 1979 965 2052; x_wconf 90' lang='lat' dir='ltr'>huius</span> <span class='ocrx_word' id='word_1_89' title='bbox 983 1979 1131 2074; x_wconf 86' lang='lat' dir='ltr'>generis</span> <span class='ocrx_word' id='word_1_90' title='bbox 1150 2004 1278 2053; x_wconf 92' lang='lat' dir='ltr'>occur-</span> 
     </span>
     <span class='ocr_line' id='line_1_14' title="bbox 80 2107 1277 2204; baseline 0.002 -23"><span class='ocrx_word' id='word_1_91' title='bbox 80 2123 177 2181; x_wconf 91' lang='lat' dir='ltr'>runt.</span> <span class='ocrx_word' id='word_1_92' title='bbox 231 2107 389 2181; x_wconf 89' lang='lat' dir='ltr'>Primum</span> <span class='ocrx_word' id='word_1_93' title='bbox 424 2108 613 2182; x_wconf 88' lang='lat' dir='ltr'>videamus</span> <span class='ocrx_word' id='word_1_94' title='bbox 649 2111 696 2182; x_wconf 90' lang='lat' dir='ltr'>de</span> <span class='ocrx_word' id='word_1_95' title='bbox 727 2109 878 2204; x_wconf 85' lang='lat' dir='ltr'>singulis</span> <span class='ocrx_word' id='word_1_96' title='bbox 906 2108 1008 2183; x_wconf 91' lang='lat' dir='ltr'>navis</span> <span class='ocrx_word' id='word_1_97' title='bbox 1034 2108 1277 2183; x_wconf 88' lang='lat' dir='ltr'>instrumentis</span> 
     </span>
     <span class='ocr_line' id='line_1_15' title="bbox 80 2237 546 2334; baseline 0 -24"><span class='ocrx_word' id='word_1_98' title='bbox 80 2237 333 2334; x_wconf 91' lang='lat' dir='ltr'>metaphorice</span> <span class='ocrx_word' id='word_1_99' title='bbox 363 2237 546 2311; x_wconf 88' lang='lat' dir='ltr'>adhibitis:</span> 
     </span>
    </p>

    <p class='ocr_par' dir='ltr' id='par_1_6' title="bbox 80 2364 1277 3501">
     <span class='ocr_line' id='line_1_16' title="bbox 133 2364 1275 2469; baseline 0 -28"><span class='ocrx_word' id='word_1_100' title='bbox 133 2364 342 2467; x_wconf 69' lang='grc' dir='ltr'>Ἄγκυρα,</span> <span class='ocrx_word' id='word_1_101' title='bbox 369 2395 509 2440; x_wconf 80' lang='lat' dir='ltr'>ancora.</span> <span class='ocrx_word' id='word_1_102' title='bbox 562 2366 603 2443; x_wconf 74' lang='lat' dir='ltr'>‘H</span> <span class='ocrx_word' id='word_1_103' title='bbox 631 2371 747 2468; x_wconf 70' lang='grc' dir='ltr'>ἱερὰ,</span> <span class='ocrx_word' id='word_1_104' title='bbox 774 2371 962 2469; x_wconf 71' lang='grc' dir='ltr'>ἄγκυρα,</span> <span class='ocrx_word' id='word_1_105' title='bbox 991 2396 1123 2441; x_wconf 80' lang='lat' dir='ltr'>ancora</span> <span class='ocrx_word' id='word_1_106' title='bbox 1152 2397 1275 2452; x_wconf 77' lang='lat' dir='ltr'>sacra,</span> 
     </span>
     <span class='ocr_line' id='line_1_17' title="bbox 82 2498 1277 2594; baseline 0.001 -24"><span class='ocrx_word' id='word_1_107' title='bbox 82 2523 184 2594; x_wconf 92' lang='lat' dir='ltr'>quae</span> <span class='ocrx_word' id='word_1_108' title='bbox 211 2499 260 2569; x_wconf 95' lang='lat' dir='ltr'>ad</span> <span class='ocrx_word' id='word_1_109' title='bbox 287 2511 488 2571; x_wconf 84' lang='lat' dir='ltr'>extremum</span> <span class='ocrx_word' id='word_1_110' title='bbox 515 2498 716 2593; x_wconf 89' lang='lat' dir='ltr'>periculum</span> <span class='ocrx_word' id='word_1_111' title='bbox 744 2502 1019 2582; x_wconf 88' lang='lat' dir='ltr'>reservabatur,</span> <span class='ocrx_word' id='word_1_112' title='bbox 1037 2499 1176 2594; x_wconf 88' lang='lat' dir='ltr'>tropice</span> <span class='ocrx_word' id='word_1_113' title='bbox 1204 2499 1277 2572; x_wconf 94' lang='lat' dir='ltr'>dic-</span> 
     </span>
     <span class='ocr_line' id='line_1_18' title="bbox 80 2627 1277 2724; baseline 0 -23"><span class='ocrx_word' id='word_1_114' title='bbox 80 2644 161 2701; x_wconf 90' lang='lat' dir='ltr'>tum</span> <span class='ocrx_word' id='word_1_115' title='bbox 189 2627 346 2701; x_wconf 88' lang='lat' dir='ltr'>occurrit</span> <span class='ocrx_word' id='word_1_116' title='bbox 371 2653 459 2724; x_wconf 84' lang='lat' dir='ltr'>pag.</span> <span class='ocrx_word' id='word_1_117' title='bbox 489 2635 560 2722; x_wconf 85' lang='lat'>815</span> <span class='ocrx_word' id='word_1_118' title='bbox 591 2631 656 2715; x_wconf 77' lang='grc'>1),,</span> <span class='ocrx_word' id='word_1_119' title='bbox 684 2628 747 2701; x_wconf 94' lang='lat' dir='ltr'>ubi</span> <span class='ocrx_word' id='word_1_120' title='bbox 766 2628 875 2702; x_wconf 90' lang='lat' dir='ltr'>civilis</span> <span class='ocrx_word' id='word_1_121' title='bbox 893 2629 958 2703; x_wconf 88' lang='lat' dir='ltr'>viri</span> <span class='ocrx_word' id='word_1_122' title='bbox 976 2630 1114 2724; x_wconf 83' lang='lat' dir='ltr'>agendi</span> <span class='ocrx_word' id='word_1_123' title='bbox 1129 2629 1277 2702; x_wconf 88' lang='lat' dir='ltr'>libertas</span> 
     </span>
     <span class='ocr_line' id='line_1_19' title="bbox 80 2758 1277 2855; baseline 0.002 -26"><span class='ocrx_word' id='word_1_124' title='bbox 80 2759 119 2830; x_wconf 93' lang='lat' dir='ltr'>in</span> <span class='ocrx_word' id='word_1_125' title='bbox 146 2772 309 2833; x_wconf 88' lang='lat' dir='ltr'>extremo</span> <span class='ocrx_word' id='word_1_126' title='bbox 338 2758 437 2831; x_wconf 90' lang='lat' dir='ltr'>urbis</span> <span class='ocrx_word' id='word_1_127' title='bbox 464 2758 626 2854; x_wconf 86' lang='lat' dir='ltr'>periculo</span> <span class='ocrx_word' id='word_1_128' title='bbox 655 2784 738 2831; x_wconf 93' lang='lat' dir='ltr'>cum</span> <span class='ocrx_word' id='word_1_129' title='bbox 766 2783 874 2831; x_wconf 89' lang='lat' dir='ltr'>sacra</span> <span class='ocrx_word' id='word_1_130' title='bbox 901 2784 1041 2832; x_wconf 92' lang='lat' dir='ltr'>ancora</span> <span class='ocrx_word' id='word_1_131' title='bbox 1067 2760 1102 2831; x_wconf 92' lang='lat' dir='ltr'>in</span> <span class='ocrx_word' id='word_1_132' title='bbox 1121 2774 1277 2855; x_wconf 88' lang='lat' dir='ltr'>tempes-</span> 
     </span>
     <span class='ocr_line' id='line_1_20' title="bbox 80 2888 1275 2988; baseline -0.001 -27"><span class='ocrx_word' id='word_1_133' title='bbox 80 2902 159 2961; x_wconf 85' lang='lat' dir='ltr'>tate</span> <span class='ocrx_word' id='word_1_134' title='bbox 196 2902 449 2984; x_wconf 88' lang='lat' dir='ltr'>comparatur:</span> <span class='ocrx_word' id='word_1_135' title='bbox 487 2893 540 2963; x_wconf 84' lang='grc' dir='ltr'>θεῖ</span> <span class='ocrx_word' id='word_1_136' title='bbox 571 2891 632 2988; x_wconf 81' lang='grc' dir='ltr'>γὰρ</span> <span class='ocrx_word' id='word_1_137' title='bbox 668 2893 705 2961; x_wconf 83' lang='grc' dir='ltr'>οὐ</span> <span class='ocrx_word' id='word_1_138' title='bbox 732 2897 838 2961; x_wconf 83' lang='grc' dir='ltr'>ποιεῖν</span> <span class='ocrx_word' id='word_1_139' title='bbox 866 2899 1035 2986; x_wconf 86' lang='grc' dir='ltr'>χειμῶνας</span> <span class='ocrx_word' id='word_1_140' title='bbox 1063 2892 1160 2962; x_wconf 79' lang='grc' dir='ltr'>αὐτόν</span> <span class='ocrx_word' id='word_1_141' title='bbox 1189 2888 1275 2986; x_wconf 89' lang='lat' dir='ltr'>(scil.</span> 
     </span>
     <span class='ocr_line' id='line_1_21' title="bbox 82 3019 1275 3117; baseline -0.001 -27"><span class='ocrx_word' id='word_1_142' title='bbox 82 3019 140 3090; x_wconf 74' lang='grc' dir='ltr'>τόν</span> <span class='ocrx_word' id='word_1_143' title='bbox 176 3020 379 3113; x_wconf 71' lang='grc' dir='ltr'>πολιτικόν),</span> <span class='ocrx_word' id='word_1_144' title='bbox 416 3020 502 3090; x_wconf 84' lang='grc' dir='ltr'>ἀλλὰ</span> <span class='ocrx_word' id='word_1_145' title='bbox 537 3019 584 3114; x_wconf 73' lang='grc' dir='ltr'>μὴ</span> <span class='ocrx_word' id='word_1_146' title='bbox 616 3020 789 3117; x_wconf 82' lang='grc' dir='ltr'>προλιπεῖν</span> <span class='ocrx_word' id='word_1_147' title='bbox 818 3020 1044 3090; x_wconf 80' lang='grc' dir='ltr'>ἐπιπεσόντων</span> <span class='ocrx_word' id='word_1_148' title='bbox 1073 3020 1149 3090; x_wconf 81' lang='grc' dir='ltr'>οὐδὲ</span> <span class='ocrx_word' id='word_1_149' title='bbox 1176 3027 1275 3091; x_wconf 80' lang='grc' dir='ltr'>κινεῖν</span> 
     </span>
     <span class='ocr_line' id='line_1_22' title="bbox 81 3146 1277 3249; baseline 0.002 -32"><span class='ocrx_word' id='word_1_150' title='bbox 81 3149 147 3242; x_wconf 77' lang='grc' dir='ltr'>τὴν</span> <span class='ocrx_word' id='word_1_151' title='bbox 182 3148 277 3218; x_wconf 81' lang='grc' dir='ltr'>πόλιν</span> <span class='ocrx_word' id='word_1_152' title='bbox 305 3149 520 3244; x_wconf 70' lang='grc' dir='ltr'>ἐπισφαλῶς,</span> <span class='ocrx_word' id='word_1_153' title='bbox 547 3148 764 3243; x_wconf 79' lang='grc' dir='ltr'>σφαλλομένῃ</span> <span class='ocrx_word' id='word_1_154' title='bbox 793 3147 829 3217; x_wconf 80' lang='grc' dir='ltr'>δὲ</span> <span class='ocrx_word' id='word_1_155' title='bbox 856 3146 911 3217; x_wconf 82' lang='grc' dir='ltr'>καί</span> <span class='ocrx_word' id='word_1_156' title='bbox 938 3147 1172 3244; x_wconf 76' lang='grc' dir='ltr'>κινδυνευούσῃ</span> <span class='ocrx_word' id='word_1_157' title='bbox 1201 3148 1277 3249; x_wconf 80' lang='grc' dir='ltr'>βοη-</span> 
     </span>
     <span class='ocr_line' id='line_1_23' title="bbox 82 3274 1275 3374; baseline -0.003 -26"><span class='ocrx_word' id='word_1_158' title='bbox 82 3276 180 3369; x_wconf 74' lang='grc' dir='ltr'>θεῖν,</span> <span class='ocrx_word' id='word_1_159' title='bbox 208 3275 321 3374; x_wconf 79' lang='grc' dir='ltr'>ὥσπερ</span> <span class='ocrx_word' id='word_1_160' title='bbox 349 3276 491 3374; x_wconf 78' lang='grc' dir='ltr'>ἄγκυραν</span> <span class='ocrx_word' id='word_1_161' title='bbox 521 3275 631 3372; x_wconf 69' lang='grc' dir='ltr'>ἱεράν,</span> <span class='ocrx_word' id='word_1_162' title='bbox 651 3274 814 3372; x_wconf 86' lang='grc' dir='ltr'>ἀράμενον</span> <span class='ocrx_word' id='word_1_163' title='bbox 835 3276 868 3355; x_wconf 79' lang='grc' dir='ltr'>ἐξ</span> <span class='ocrx_word' id='word_1_164' title='bbox 888 3276 988 3346; x_wconf 84' lang='grc' dir='ltr'>αὐτοῦ</span> <span class='ocrx_word' id='word_1_165' title='bbox 1007 3275 1068 3371; x_wconf 75' lang='grc' dir='ltr'>τὴν</span> <span class='ocrx_word' id='word_1_166' title='bbox 1088 3277 1275 3374; x_wconf 78' lang='grc' dir='ltr'>παρρησίαν</span> 
     </span>
     <span class='ocr_line' id='line_1_24' title="bbox 82 3405 434 3501; baseline -0.006 -25"><span class='ocrx_word' id='word_1_167' title='bbox 82 3405 141 3476; x_wconf 81' lang='grc' dir='ltr'>ἐπί</span> <span class='ocrx_word' id='word_1_168' title='bbox 167 3411 233 3484; x_wconf 83' lang='grc' dir='ltr'>τοῖς</span> <span class='ocrx_word' id='word_1_169' title='bbox 257 3405 434 3501; x_wconf 75' lang='grc' dir='ltr'>μεγίστοις.</span> 
     </span>
    </p>

    <p class='ocr_par' dir='ltr' id='par_1_7' title="bbox 80 3529 1275 3892">
     <span class='ocr_line' id='line_1_25' title="bbox 136 3529 1275 3625; baseline -0.001 -22"><span class='ocrx_word' id='word_1_170' title='bbox 136 3532 262 3604; x_wconf 88' lang='lat' dir='ltr'>Verba</span> <span class='ocrx_word' id='word_1_171' title='bbox 294 3544 486 3603; x_wconf 86' lang='lat' dir='ltr'>contextus</span> <span class='ocrx_word' id='word_1_172' title='bbox 514 3530 711 3602; x_wconf 89' lang='lat' dir='ltr'>miserrime</span> <span class='ocrx_word' id='word_1_173' title='bbox 738 3544 822 3602; x_wconf 91' lang='lat' dir='ltr'>sunt</span> <span class='ocrx_word' id='word_1_174' title='bbox 848 3531 1063 3625; x_wconf 88' lang='lat' dir='ltr'>depravata.</span> <span class='ocrx_word' id='word_1_175' title='bbox 1117 3529 1275 3603; x_wconf 89' lang='lat' dir='ltr'>Primum</span> 
     </span>
     <span class='ocr_line' id='line_1_26' title="bbox 80 3661 1274 3762; baseline -0.003 -28"><span class='ocrx_word' id='word_1_176' title='bbox 80 3663 254 3762; x_wconf 85' lang='grc' dir='ltr'>προλιπεῖν</span> <span class='ocrx_word' id='word_1_177' title='bbox 294 3674 446 3756; x_wconf 92' lang='lat' dir='ltr'>propter</span> <span class='ocrx_word' id='word_1_178' title='bbox 486 3661 710 3733; x_wconf 87' lang='lat' dir='ltr'>antecedens</span> <span class='ocrx_word' id='word_1_179' title='bbox 750 3670 856 3733; x_wconf 86' lang='grc' dir='ltr'>ποιεῖν</span> <span class='ocrx_word' id='word_1_180' title='bbox 897 3661 1114 3732; x_wconf 91' lang='lat' dir='ltr'>mutandum</span> <span class='ocrx_word' id='word_1_181' title='bbox 1156 3661 1274 3733; x_wconf 88' lang='lat' dir='ltr'>estin</span> 
     </span>
     <span class='ocr_line' id='line_1_27' title="bbox 80 3789 1275 3892; baseline -0.004 -26"><span class='ocrx_word' id='word_1_182' title='bbox 80 3794 287 3892; x_wconf 78' lang='grc' dir='ltr'>προλείπειν.</span> <span class='ocrx_word' id='word_1_183' title='bbox 311 3792 436 3864; x_wconf 90' lang='lat' dir='ltr'>Verba</span> <span class='ocrx_word' id='word_1_184' title='bbox 455 3794 531 3864; x_wconf 79' lang='grc' dir='ltr'>οὐδὲ</span> <span class='ocrx_word' id='word_1_185' title='bbox 550 3799 650 3865; x_wconf 82' lang='grc' dir='ltr'>κινεῖν</span> <span class='ocrx_word' id='word_1_186' title='bbox 670 3792 730 3887; x_wconf 66' lang='grc' dir='ltr'>τὴν</span> <span class='ocrx_word' id='word_1_187' title='bbox 750 3793 845 3863; x_wconf 84' lang='grc' dir='ltr'>πόλιν</span> <span class='ocrx_word' id='word_1_188' title='bbox 861 3789 989 3863; x_wconf 90' lang='lat' dir='ltr'>melius</span> <span class='ocrx_word' id='word_1_189' title='bbox 1003 3790 1177 3884; x_wconf 85' lang='lat' dir='ltr'>leguntur</span> <span class='ocrx_word' id='word_1_190' title='bbox 1190 3803 1275 3862; x_wconf 90' lang='lat' dir='ltr'>ante</span> 
     </span>
    </p>
   </div>
   <div class='ocr_carea' id='block_1_5' title="bbox 77 3919 1273 4038">
    <p class='ocr_par' dir='ltr' id='par_1_8' title="bbox 77 3919 1273 4038">
     <span class='ocr_line' id='line_1_28' title="bbox 77 3919 1273 4038; baseline -0.003 -44"><span class='ocrx_word' id='word_1_191' title='bbox 77 3921 170 3995; x_wconf 85' lang='grc' dir='ltr'>ἀλλὰ</span> <span class='ocrx_word' id='word_1_192' title='bbox 195 3923 243 4018; x_wconf 79' lang='grc' dir='ltr'>μὴ</span> <span class='ocrx_word' id='word_1_193' title='bbox 271 3924 473 4038; x_wconf 78' lang='grc' dir='ltr'>προλείπειν.</span> <span class='ocrx_word' id='word_1_194' title='bbox 516 3920 749 3992; x_wconf 88' lang='lat' dir='ltr'>Vocabulum</span> <span class='ocrx_word' id='word_1_195' title='bbox 765 3923 960 4017; x_wconf 80' lang='grc' dir='ltr'>ἐπισφαλῶς</span> <span class='ocrx_word' id='word_1_196' title='bbox 974 3919 1083 4014; x_wconf 86' lang='lat' dir='ltr'>plane</span> <span class='ocrx_word' id='word_1_197' title='bbox 1097 3920 1273 3990; x_wconf 88' lang='lat' dir='ltr'>abundat.</span> 
     </span>
    </p>
   </div>
   <div class='ocr_carea' id='block_1_6' title="bbox 72 4049 1274 4410">
    <p class='ocr_par' dir='ltr' id='par_1_9' title="bbox 72 4049 1274 4410">
     <span class='ocr_line' id='line_1_29' title="bbox 77 4049 1274 4145; baseline -0.003 -23"><span class='ocrx_word' id='word_1_198' title='bbox 77 4050 184 4144; x_wconf 79' lang='lat' dir='ltr'>Quid</span> <span class='ocrx_word' id='word_1_199' title='bbox 219 4050 368 4122; x_wconf 89' lang='lat' dir='ltr'>tandem</span> <span class='ocrx_word' id='word_1_200' title='bbox 404 4063 590 4145; x_wconf 91' lang='lat' dir='ltr'>postrema</span> <span class='ocrx_word' id='word_1_201' title='bbox 626 4051 744 4122; x_wconf 88' lang='lat' dir='ltr'>verba</span> <span class='ocrx_word' id='word_1_202' title='bbox 778 4049 1007 4143; x_wconf 84' lang='lat' dir='ltr'>significent,</span> <span class='ocrx_word' id='word_1_203' title='bbox 1039 4073 1188 4142; x_wconf 89' lang='lat' dir='ltr'>prorsus</span> <span class='ocrx_word' id='word_1_204' title='bbox 1216 4072 1274 4119; x_wconf 91' lang='lat' dir='ltr'>me</span> 
     </span>
     <span class='ocr_line' id='line_1_30' title="bbox 74 4177 1273 4274; baseline -0.007 -19"><span class='ocrx_word' id='word_1_205' title='bbox 74 4183 181 4255; x_wconf 89' lang='lat' dir='ltr'>latet.</span> <span class='ocrx_word' id='word_1_206' title='bbox 232 4180 499 4274; x_wconf 88' lang='lat' dir='ltr'>Exspectamus</span> <span class='ocrx_word' id='word_1_207' title='bbox 539 4179 677 4273; x_wconf 92' lang='lat' dir='ltr'>aliquid</span> <span class='ocrx_word' id='word_1_208' title='bbox 718 4179 752 4250; x_wconf 91' lang='lat' dir='ltr'>in</span> <span class='ocrx_word' id='word_1_209' title='bbox 793 4178 888 4250; x_wconf 87' lang='lat' dir='ltr'>hanc</span> <span class='ocrx_word' id='word_1_210' title='bbox 929 4178 1004 4250; x_wconf 84' lang='lat' dir='ltr'>fere</span> <span class='ocrx_word' id='word_1_211' title='bbox 1031 4177 1273 4250; x_wconf 87' lang='lat' dir='ltr'>sententiam:</span> 
     </span>
     <span class='ocr_line' id='line_1_31' title="bbox 72 4310 974 4410; baseline -0.006 -27"><span class='ocrx_word' id='word_1_212' title='bbox 72 4314 198 4410; x_wconf 83' lang='grc' dir='ltr'>ὥσπερ</span> <span class='ocrx_word' id='word_1_213' title='bbox 226 4310 369 4409; x_wconf 74' lang='grc' dir='ltr'>ἄγκυραν</span> <span class='ocrx_word' id='word_1_214' title='bbox 398 4311 486 4409; x_wconf 83' lang='grc' dir='ltr'>ἱερὰν</span> <span class='ocrx_word' id='word_1_215' title='bbox 514 4310 660 4381; x_wconf 80' lang='grc' dir='ltr'>καθέντα</span> <span class='ocrx_word' id='word_1_216' title='bbox 687 4311 749 4405; x_wconf 77' lang='grc' dir='ltr'>τὴν</span> <span class='ocrx_word' id='word_1_217' title='bbox 776 4310 974 4405; x_wconf 81' lang='grc' dir='ltr'>παρρησίαν.</span> 
     </span>
    </p>
   </div>
   <div class='ocr_carea' id='block_1_7' title="bbox 0 0 1440 5040">
    <p class='ocr_par' dir='ltr' id='par_1_10' title="bbox 0 0 1440 5040">
     <span class='ocr_line' id='line_1_32' title="bbox 0 0 1440 5040; baseline 0 0"><span class='ocrx_word' id='word_1_218' title='bbox 0 0 1440 5040; x_wconf 95' lang='lat' dir='ltr'> </span> 
     </span>
    </p>
   </div>
  </div>
 </body>
</html>
