2834 4964
636 301 704 368 139

97 489 269 589 κατέσβεσε,
297 488 344 558 de
371 510 438 581 spe
465 509 553 580 pag.
575 507 643 574 129
660 484 717 557 C:
746 486 1023 587 κατασβεννόουσι
1037 487 1096 567 τὰς
1111 489 1258 581 ἐλπίδας,

33 660 36 665 -
97 612 129 686 de
149 614 277 687 invidia
305 639 392 711 pag.
424 620 496 709 538
524 615 588 685 A.:
617 619 652 687 αἱ
679 615 715 686 δὲ
742 623 809 686 τῶν
834 614 1073 710 εὐτυχημάτων
1099 616 1261 713 ὑπεροχαὶ

89 747 128 816 καί
158 747 387 843 λαμπρότητες
422 745 581 824 πολλάκις
616 747 671 815 τδν
705 744 828 839 φθόνον
865 741 1183 842 κατασβεννύουσιν,
1220 745 1263 817 cf.

82 897 157 968 pag.
190 879 259 946 168
288 875 346 956 F.‚
377 896 450 966 954
481 872 548 954 Α.,
578 892 649 962 372
682 871 745 955 Α.,
773 875 848 961 446
876 870 925 941 D.

124 998 473 1106 Ἀποσβεννίιναι
505 1004 552 1074 de
580 1015 692 1074 vento
721 1026 809 1096 pag.
832 1024 908 1091 419
937 1002 996 1072 B.:
1025 1004 1265 1103 ἀποσβεννύναι

70 1135 105 1205 τδ
131 1141 284 1230 πνεῦμα,
312 1133 360 1204 de
388 1131 510 1227 gloria
541 1131 576 1204 in
603 1131 679 1204 vita
712 1130 844 1203 Dionis
872 1156 902 1203 c.
927 1155 972 1222 24
1002 1155 1091 1227 pag.
1109 1138 1183 1222 968
1202 1133 1266 1204 Β.;

67 1270 126 1359 τῆς
163 1264 350 1361 τυραννίδος
382 1265 419 1335 τδ
454 1264 604 1360 λαμπρδν
644 1263 863 1364 ἀποσβέσειν,
902 1262 949 1333 de
983 1275 1101 1334 morte
1129 1261 1164 1333 in
1192 1262 1268 1334 vita

64 1390 283 1463 Artaxerxis
324 1416 354 1463 c.
398 1413 447 1480 30
487 1415 575 1485 pag.
620 1411 713 1480 1027
757 1391 816 1461 B.:
858 1392 958 1471 εὐθὺς
984 1395 1047 1464 ὑπδ
1074 1393 1183 1490 λύπης
1211 1395 1266 1464 καί

62 1521 249 1618 δυσθυμίας
265 1521 486 1621 ἀπεσβέσθη,
503 1520 546 1593 cf.
562 1544 650 1616 pag.
672 1526 740 1610 167
757 1521 816 1605 Β.,
831 1520 865 1591 in
880 1519 955 1592 vita
970 1519 1266 1615 Philopoemenis

62 1676 95 1723 e.
132 1674 180 1722 20
206 1674 294 1745 pag.
325 1655 399 1739 368
428 1651 468 1722 Β.

119 1777 373 1877 Μαραίνειν
414 1780 461 1851 de
503 1780 633 1852 dolore
672 1805 759 1876 pag.
790 1786 866 1852 610
886 1782 944 1852 B.:
986 1785 1043 1854 οὐκ
1071 1784 1176 1853 ἐῶσαι
1202 1783 1264 1878 τὴν

60 1911 177 2006 λόπιγν
206 1910 312 2004 αὐτὴν
341 1908 394 2005 ἐφ’
421 1914 544 2007 ἑαυτῆς
570 1912 805 2009 μαρανθῆναι,
840 1911 888 1982 de
915 1911 970 1983 ira
997 1910 1033 1982 in
1060 1910 1135 1982 vita
1163 1910 1267 1983 Bruti

61 2064 94 2111 c.
131 2061 171 2108 21
204 2060 292 2131 pag.
322 2061 394 2128 993
417 2039 482 2110 D.:
511 2039 590 2110 όταν
619 2040 779 2138 μαρανθῇ
805 2043 842 2112 τό
868 2048 928 2137 τῆς
947 2044 1066 2141 ὀργῆς,
1086 2041 1133 2111 de
1153 2055 1266 2113 vento

60 2169 100 2240 in
131 2167 207 2241 vita
234 2167 364 2263 Pyrrhi
393 2192 422 2240 c.
458 2190 497 2262 15
528 2192 616 2264 pag.
646 2191 718 2259 392
741 2168 799 2241 C:
828 2172 1070 2269 μαραινομένου
1095 2176 1151 2242 τοῦ
1169 2171 1266 2242 πνεό-

62 2326 191 2394 ματος,
233 2299 281 2370 de
321 2298 468 2370 fortuna
508 2299 543 2370 in
585 2299 661 2371 vita
689 2299 821 2372 Dionis
849 2324 877 2372 c.
910 2322 954 2389 24
984 2323 1072 2395 pag.
1102 2304 1176 2388 968
1207 2300 1265 2370 Β.;

62 2430 194 2525 ἔφραζε
222 2429 385 2522 δεδιέναι,
405 2432 452 2526 μὴ
473 2436 508 2501 αἱ
525 2431 625 2502 καλαί
642 2430 777 2528 πράξεις
796 2431 1014 2528 μαρανθῶσι,
1036 2430 1083 2501 de
1102 2428 1267 2524 potentia

63 2559 103 2629 in
133 2556 208 2628 vita
237 2557 339 2628 Bruti
367 2581 396 2629 c.
427 2563 448 2629 8
476 2581 564 2652 pag.
594 2563 667 2647 987
689 2559 753 2628 D.:
782 2561 843 2656 τὴν
872 2559 1008 2655 δύναμιν
1029 2547 1264 2658 μαρανθῆναι,

62 2689 117 2759 de
144 2686 350 2759 horninibus
378 2687 412 2759 in
442 2688 517 2760 vita
545 2688 720 2761 Eumenis
748 2712 777 2760 c.
803 2712 841 2759 11
866 2712 952 2782 pag.
975 2710 1049 2780 590
1062 2689 1125 2760 A.:
1154 2691 1264 2762 αὐτῶν

63 2820 132 2888 ὑπδ
168 2825 228 2913 τῆς
265 2819 423 2916 ἀπραξίας
451 2822 724 2917 μαραινομένων,
753 2818 795 2890 cf.
823 2842 911 2912 pag.
942 2806 1015 2908 366
1037 2819 1098 2901 E„
1128 2819 1163 2889 in
1191 2818 1266 2890 vita

62 2945 240 3018 Caesaris
267 2970 296 3017 c.
327 2969 346 3035 3
376 2970 463 3040 pag.
496 2952 568 3035 708
589 2947 636 3017 D.

122 3075 208 3149 Καί
218 3104 281 3148 ειν
310 3077 357 3147 de
385 3100 511 3148 amore
539 3101 626 3172 pag.
656 3082 699 3149 61
725 3078 790 3149 A.:
825 3076 1002 3151 ’Λντώνιον
1031 3084 1062 3150 οἱ
1088 3081 1177 3175 φίλοι
1205 3088 1265 3176 τῆς

60 3204 248 3302 Αἰγυπτίας
275 3208 405 3303 ἐρῶντα
432 3206 487 3277 καὶ
514 3209 685 3303 καιόμενον
714 3207 910 3299 ἀνέπειθον,
939 3206 983 3278 cf.
998 3231 1085 3302 pag.
1109 3227 1127 3297 7
1135 3229 1178 3301 53
1197 3208 1264 3279 A.:

59 3339 183 3433 ἐρᾶται
211 3334 271 3433 γάρ
301 3336 401 3406 αὐτοῦ
428 3336 484 3405 καλ
511 3338 652 3406 καίεται.

118 3460 260 3560 Φλέγε
273 3490 281 3532 ι
292 3492 308 3532 ν
337 3462 383 3545 de
405 3463 554 3535 homine
569 3463 604 3535 in
620 3464 696 3535 vita
711 3464 877 3536 Marcelli
893 3489 922 3537 c.
942 3471 988 3537 28
1003 3489 1092 3561 pag.
1109 3490 1180 3557 314
1198 3467 1264 3542 D.:

61 3597 97 3664 οἱ
115 3592 249 3687 μάντεις
268 3600 421 3690 κατεῖχον
442 3594 540 3664 αὐτόν
561 3596 595 3664 έν
614 3589 733 3691 Ῥώμῃ
753 3603 954 3692 σπαργῶντα
973 3596 1028 3666 καί
1047 3597 1263 3693 φλεγόμενον,

58 3744 153 3816 pag.
181 3725 231 3810 46
253 3720 318 3790 D.:
348 3720 492 3816 αίσγόνγγ
520 3722 724 3817 φλεγόμενον
753 3724 814 3818 τὴν
844 3724 976 3821 ψυχήν,
1003 3747 1091 3818 pag.
1111 3744 1181 3816 451
1203 3725 1263 3795 Ε.;

60 3851 252 3948 φλέγεσθαι
280 3852 397 3945 ἀνοίᾳ,
425 3849 467 3921 cf.
495 3874 583 3944 pag.
613 3855 688 3922 610
708 3849 767 3934 C„
800 3850 834 3921 in
863 3852 937 3923 vita
966 3853 1263 3948 Philopoemenis

60 4004 93 4052 c.
125 4002 146 4068 9
175 3996 279 4073 pag(
296 3984 366 4068 361
391 3980 430 4049 B.

119 4108 276 4203 Saepius
318 4133 468 4203 quoque
505 4110 607 4204 apud
634 4124 798 4183 nostrum
840 4111 1260 4208 occurritproverbium

62 4245 147 4335 πῦρ
189 4239 260 4308 ε’πλ
288 4246 389 4337 πῦρ,
419 4238 466 4309 de
494 4263 571 4333 quo
597 4239 682 4311 vide
701 4238 902 4312 Zenobium
931 4241 981 4324 V,
1012 4248 1072 4333 69.
1127 4241 1262 4316 Confer

62 4383 254 4440 nostrum:
283 4369 350 4438 oli'e
378 4372 417 4438 z'n
447 4369 474 4438 ’t
491 4394 599 4440 vum.
643 4369 702 4443 Sic
730 4395 817 4465 pag.
848 4377 891 4442 61
926 4371 981 4443 A:
1023 4376 1062 4445 ἀν
1104 4375 1140 4447 δὲ
1180 4379 1263 4473 πρδς
