2834 4964
744 284 791 352 70

171 470 237 543 sed
264 468 581 542 inflammationem
611 482 823 565 exasperat:
852 475 869 542 ὁ
896 472 932 541 δὲ
959 473 1145 569 παρρησίαν
1165 472 1219 543 καί
1234 473 1368 568 δηγμδν

116 647 118 650 -
171 600 341 698 ἀνθρώπῳ
378 601 591 697 δυστυχοῦντι
627 601 815 698 προςοίηων,
852 599 964 696 ὥσπερ
1002 600 1204 697 ὀξυδορκικὸν
1238 601 1370 696 ὄμματι

169 732 407 826 ταρασσομένῳ
449 729 504 800 καί
545 730 801 825 φλεγμαίνοντι,
842 727 1024 826 θεραπεύει
1063 729 1122 822 μὲν
1160 729 1254 798 οὐδὲν
1295 728 1367 798 οὐδ’

171 859 309 955 ἀφαιρεῖ
340 863 396 929 τοῦ
432 859 629 950 λυποῦντος,
666 858 764 955 ὀργὴν
802 857 838 927 δὲ
873 863 917 954 τη”
951 855 1041 952 λύπη
1077 856 1275 954 προςτίθησι
1311 857 1368 927 καὶ

170 985 343 1083 παροξύνει
370 988 426 1057 τδν
454 985 650 1080 ἀνιώμενον.

221 1097 313 1209 Pag.
344 1136 388 1184 22
418 1114 457 1194 B.
486 1112 575 1185 dicit
601 1137 669 1184 nos
695 1118 907 1208 po'e'matum
935 1111 1136 1184 deteriores
1163 1112 1369 1184 sententias

170 1243 361 1316 debilitare
389 1255 580 1338 oportere,
608 1267 664 1314 eaw
676 1244 793 1315 verba
807 1256 844 1314 et
862 1242 1009 1315 nomina
1024 1242 1058 1314 in
1074 1242 1116 1313 iis
1131 1242 1367 1314 occurrentia

48 1379 50 1382 ’
169 1373 405 1458 adhibentes,
455 1371 589 1467 quibus
629 1372 666 1443 id
708 1372 883 1467 consequi
923 1371 1055 1467 possit,
1096 1371 1190 1444 sicut
1229 1372 1366 1443 medici

170 1503 390 1576 cantharidis
424 1502 502 1575 alas
539 1516 577 1574 et
609 1503 726 1596 pedes
753 1503 930 1575 adhibent
956 1503 1004 1574 ad
1032 1502 1104 1575 vim
1132 1502 1211 1574 eius
1238 1502 1365 1574 morti-

169 1635 283 1706 feram
310 1632 598 1705 dissolvendam:
631 1635 697 1725 δεῖ,
726 1633 838 1730 ὥσπερ
867 1638 897 1704 οἱ
924 1634 1030 1731 ἰατροί
1056 1639 1116 1727 τῆς
1143 1633 1363 1730 κανθαρίδος,

171 1763 271 1860 ούσης
309 1763 512 1858 θανασίμου,
549 1762 623 1841 τούς
658 1763 762 1841 πόδας
797 1762 885 1856 ὅμως
921 1762 976 1832 καί
1010 1761 1052 1833 τὰ
1087 1762 1193 1859 πτερὰ
1222 1762 1362 1862 βοηθεῖν

170 1895 293 1963 οἴονται
328 1892 383 1962 καί
418 1889 572 1962 ἀναλύειν
605 1891 666 1986 την
701 1890 854 1986 δύναμιν,
891 1888 994 1968 ούτιυς
1021 1892 1055 1960 ἐν
1083 1897 1150 1968 τοῖς
1176 1889 1362 1985 ποιήμασι,

171 2021 229 2091 κᾶν
271 2020 374 2115 ύνομα
414 2020 473 2089 κάν
516 2021 606 2116 ῥῆμα
645 2020 887 2116 παρακείμενον
928 2018 1135 2119 ἀμβλυτέραν
1177 2026 1269 2088 ποιεῖ
1301 2019 1362 2113 την

170 2151 250 2246 πρδς
277 2151 314 2219 τδ
341 2154 451 2245 χεῖρον
480 2147 681 2244 ἀπαγωγήν,
709 2146 999 2247 ἐπιλαμβάνεσθαι
1018 2146 1074 2216 καί
1091 2146 1362 2243 προςδιασαφεῖν.

223 2286 314 2378 Pag.
354 2305 401 2373 70
437 2284 477 2355 F.
514 2284 660 2379 peccati
697 2283 1016 2379 reprehensionem
1050 2283 1236 2355 occultam
1275 2283 1366 2356 dicit

171 2439 252 2488 esse
279 2415 436 2500 debere,
463 2427 651 2508 tamquam
678 2414 794 2509 turpis
812 2413 930 2485 morbi
944 2412 1192 2485 sanationem:
1213 2417 1267 2487 δεῖ
1282 2416 1365 2513 γὰρ,

172 2549 217 2624 ὡς
249 2545 434 2640 νοσήματος
468 2546 524 2614 ούκ
559 2546 757 2642 εὐπρεποῦς,
790 2551 851 2640 τῆς
882 2545 1044 2641 ἁμαρτίας
1076 2544 1136 2639 τὴν
1165 2543 1364 2640 νουθέτησιν

172 2674 357 2770 ἀπόρρητον
386 2674 483 2743 εἶναι.

224 2800 315 2893 Pag.
346 2805 418 2892 518
447 2799 487 2870 B.
515 2824 624 2872 aures
652 2799 898 2886 curiosorum,
925 2799 1105 2894 pessimos
1131 2823 1278 2894 semper
1293 2824 1367 2872 ser-

172 2953 299 3001 mones
339 2929 387 3000 ad
427 2953 467 3001 se
508 2929 713 3011 trahentes,
763 2942 954 3024 comparat
994 2933 1076 3001 cum
1119 2930 1366 3017 cucurbitilis‚

172 3058 368 3155 pessimum
395 3059 583 3131 humorem
606 3085 627 3131 e
652 3083 762 3132 carne
777 3059 1038 3132 educentibus:
1058 3065 1103 3140 ὡς
1122 3062 1182 3158 γὰρ
1202 3066 1238 3133 αί
1256 3062 1367 3134 σικύαι

172 3193 209 3261 τδ
223 3191 386 3287 χείριστον
402 3193 439 3261 ἐκ
454 3197 514 3286 τῆς
529 3193 647 3288 σαρκδς
661 3190 823 3283 ἕλκουσιν,
839 3188 924 3263 ούτοι
939 3189 981 3261 τὰ
995 3197 1061 3260 τῶν
1077 3192 1365 3286 πολυπραγμόνων

173 3321 244 3390 ὦτα
283 3317 357 3396 τοὺς
390 3319 616 3414 φαυλοτάτους
643 3320 757 3415 λόγους
784 3321 975 3390 ἐπισπᾶται.
1024 3317 1073 3390 Cf.
1101 3341 1190 3412 pag.
1219 3324 1296 3409 469
1326 3321 1367 3390 B.

222 3455 338 3526 Porro
367 3454 665 3549 comparationes
692 3457 741 3527 ab
770 3468 847 3527 arte
876 3455 1018 3528 medica
1045 3457 1289 3550 depromptae
1315 3458 1368 3530 in-

171 3584 367 3656 veniuntur
393 3608 479 3679 pag.
507 3590 582 3675 468
612 3584 670 3670 C„
698 3607 771 3678 453
803 3586 867 3669 D.,
897 3591 943 3674 87
974 3586 1040 3671 D.‚
1065 3592 1108 3659 81
1139 3586 1196 3672 F.,
1223 3611 1289 3677 141
1310 3589 1369 3674 B.‚

174 3735 218 3804 73
250 3712 316 3798 Λα
348 3735 390 3803 71
423 3714 489 3798 Α,
520 3735 563 3807 55
594 3715 660 3807 Α,
693 3736 737 3805 74
767 3714 832 3798 ὓ,
862 3721 908 3806 67
938 3717 980 3788 E·

224 3842 261 3914 A
276 3843 387 3915 nendo
403 3845 717 3938 comparationem
731 3845 948 3919 Plutarchus
961 3847 1091 3941 petivit
1104 3871 1191 3942 pag.
1210 3853 1283 3940 564
1300 3851 1350 3920 A.
1364 3908 1372 3935 ,

173 3972 236 4044 ubi
259 3973 437 4045 malorum
461 3973 622 4059 animaS,
645 3975 793 4047 turbido
808 3990 909 4048 motu
923 3978 1023 4070 apud
1037 3977 1171 4049 inferos
1186 3977 1373 4074 agitatas,

175 4103 315 4174 confert
338 4127 421 4175 cum
443 4103 547 4176 fusis:
573 4107 631 4185 τὰς
650 4107 685 4177 δὲ
705 4104 792 4202 (scil.
812 4104 950 4205 ψυχάς),
970 4107 1083 4206 ὥσπερ
1108 4113 1138 4178 οἱ
1160 4108 1374 4206 ἄτρακτοι,

173 4236 475 4330 περιστρεφομένας
501 4233 624 4331 κύκλῳ.
1198 4319 1199 4322 ¹

227 4361 318 4455 Pag.
362 4386 429 4452 134
465 4362 511 4433 A.
552 4362 751 4458 imaginem
785 4363 898 4436 habet
933 4366 982 4436 ab
1023 4364 1180 4435 eluendis
1218 4371 1376 4440 vestibus
