2866 5040
714 241 783 307 129

146 423 232 496 dicit
262 425 364 519 quod
391 423 540 496 obiecta
565 423 632 496 soli
659 448 838 519 corpora,
867 437 906 496 ut
932 424 968 497 id
996 428 1097 521 quod
1123 426 1222 523 ipsos
1248 428 1341 502 illus-

147 553 299 627 traverit
325 552 479 626 vicissim
506 579 552 626 ex
579 579 620 626 se
647 569 813 649 augeant
839 562 888 626 et'
904 580 987 628 cum
1007 557 1203 653 splendore
1218 584 1340 655 reper-

146 683 303 756 cutiant:
341 689 370 755 οἱ
405 679 432 756 δ’
468 685 563 756 ἄλλοι
597 687 708 764 καλῶς
743 686 796 756 καλ
830 687 1007 766 πολιτικῶς
1042 688 1096 758 καὶ
1123 689 1200 785 άχρι
1227 691 1340 768 τέλους

145 815 374 913 ἐθεράπευσαν
402 814 455 884 καὶ
483 814 774 911 συνεπεκόσμησαν
802 811 888 910 (scil.
919 814 992 894 τοὺς
1019 816 1249 913 καθηγεμόνας
1266 827 1340 908 γτῶν

144 941 351 1040 πρακτέων),
393 943 505 1040 ὥσπερ
541 942 583 1012 τά
618 945 698 1040 προς
733 943 826 1039 ἥλιον
862 943 1068 1039 ὑφιστάμενα
1104 944 1261 1039 σῶματα,
1302 949 1339 1016 τδ

142 1072 330 1168 λαμπρῦνον
364 1069 482 1149 αὐτοὺς
509 1069 607 1139 πάλιν
641 1068 700 1164 ἀφ’
730 1074 858 1141 ἑαυτῶν
886 1069 1038 1150 αῦξοντες
1064 1072 1117 1141 καὶ
1144 1075 1339 1168 συνεκφωτί-

145 1199 265 1278 ζοντες.

196 1326 289 1420 Pag.
308 1347 325 1418 5
332 1331 379 1415 38
409 1326 453 1397 A.
480 1324 709 1410 Plutarchus
733 1323 885 1411 invidia,
908 1324 1038 1421 inquit,
1057 1323 1339 1422 prosperitatem

143 1455 308 1550 sequitur
334 1455 460 1528 iisdem
489 1435 794 1527 vicissitudinibus
809 1470 922 1551 atque
937 1457 1067 1528 umbra
1091 1458 1215 1529 solem.
1254 1457 1338 1549 Quo

144 1585 264 1681 magis
279 1585 410 1659 crescit
418 1583 667 1696 prosperitas,
683 1610 729 1656 eo
744 1585 861 1658 minor
875 1587 916 1658 fit
929 1584 1081 1673 invidia,
1100 1587 1193 1660 sicut
1207 1590 1338 1660 umbra

143 1740 190 1788 eo
206 1716 325 1812 magis
348 1715 535 1801 minuitur,
557 1740 631 1810 quo
646 1714 752 1787 altius
767 1715 823 1787 sol
836 1741 876 1788 se
891 1715 1040 1788 attollit:
1072 1718 1185 1816 ῶσπερ
1209 1722 1225 1789 ό
1244 1717 1337 1815 ἥλιος

146 1849 191 1917 ῶν
219 1848 258 1918 ἀν
286 1848 367 1946 ὑπὲρ
393 1854 539 1945 κορυφῆς
565 1848 716 1941 γένηται,
744 1848 986 1943 καταχεόμενος
1012 1849 1048 1917 τδ
1076 1855 1148 1942 φῶς
1174 1847 1338 1943 ἢπαντά-

133 1982 228 2049 ’πασι
263 1978 324 2072 τὴν
361 1975 453 2045 σκιάν
489 1975 617 2045 ἀνεῖλεν
645 1975 668 2070 ἢ
697 1975 811 2073 μικράν
839 1976 1017 2070 ἐποίησεν,
1045 1972 1132 2045 οὕτω
1158 1974 1243 2072 πολὺ
1270 1983 1336 2077 τῶν

146 2095 389 2202 εὐτυχημάτων
432 2103 511 2201 ὕψος
550 2104 719 2203 λαβόντων
760 2104 812 2174 καλ
844 2105 1029 2200 γενομένων
1066 2103 1151 2174 κατὰ
1186 2105 1336 2199 κεφαλῆς

146 2241 201 2319 τοῦ
230 2234 371 2329 φθόνου,
399 2233 614 2303 συστέλλεται
642 2233 695 2303 καὶ
714 2233 884 2330 ἀναχωρεῖ
905 2232 1213 2327 καταλαμπόμενος.

197 2371 235 2442 Α
263 2372 353 2442 luna
379 2369 619 2465 philosophus
650 2367 846 2463 imaginem
883 2366 1109 2463 deprompsit
1143 2390 1231 2462 pag.
1263 2373 1334 2459 564

149 2502 208 2587 D„
238 2499 301 2573 ubi
333 2524 451 2594 agens
484 2501 531 2571 de
564 2499 689 2571 colore
716 2497 917 2570 animarum
944 2498 1044 2592 apud
1070 2497 1205 2569 inferos
1232 2496 1335 2569 dicit:

147 2632 219 2711 τοὺς
242 2633 320 2726 μὲν,
349 2632 462 2729 ῶσπερ
489 2634 512 2727 ἡ
532 2629 756 2728 καθαρωτάτη
780 2609 1006 2726 πανσέληνος,
1025 2629 1060 2699 ἓν
1096 2637 1218 2728 χρῶμα
1249 2629 1335 2700 λεῖον

147 2760 355 2855 καὶσυνεχὲς
380 2759 435 2831 καὶ
453 2759 584 2862 Ιὁμαλὲς
613 2760 729 2837 ἱέντας.

190 2882 394 2989 Ἂστρον,
430 2888 544 2958 stella.
574 2888 665 2981 Pag.
696 2892 769 2976 326
798 2888 837 2957 Β.
870 2885 1126 2957 Alexandrum
1154 2885 1334 2980 Magnum

148 3041 229 3088 cum
257 3018 362 3090 stella
381 3031 592 3112 comparat:
606 3013 843 3114 Ἀλεξάνδρου,
858 3017 972 3112 ῶσπερ
991 3016 1131 3113 ἄστρου,
1151 3017 1335 3113 φερομένου

145 3149 196 3218 καὶ
223 3144 411 3244 διᾴττοντος
438 3148 493 3219 ἐπὶ
521 3147 657 3242 δυσμάς,
674 3148 709 3228 ἐξ
737 3146 918 3216 ἀνατολῶν.

194 3284 291 3378 Φῶς,
326 3286 456 3357 lumen.
494 3285 586 3378 Pag.
625 3289 672 3356 66
711 3284 750 3354 B.
788 3280 932 3354 dicendi
958 3279 1164 3352 libertatem
1193 3278 1335 3352 confert

145 3439 225 3488 cum
239 3414 383 3487 lumine.
418 3414 613 3498 Homines,
630 3412 761 3509 inquit,
783 3414 832 3484 ad
851 3412 1066 3497 adulatores
1081 3434 1121 3482 se
1141 3423 1333 3492 avertunt,

145 3545 207 3618 nisi
223 3554 376 3617 ‘morum
405 3545 552 3617 lenitate
580 3557 618 3616 et
643 3541 869 3616 iucunditate
893 3553 1099 3635 temperata
1115 3552 1171 3612 est
1185 3539 1334 3612 libertas

143 3675 303 3760 dicendi,
331 3674 425 3776 sicut
452 3675 487 3746 in
514 3676 682 3746 umbram
711 3671 931 3767 confugiunt
958 3672 1008 3742 ob
1036 3669 1179 3742 nimium
1194 3669 1334 3741 luminis

141 3802 342 3902 fulgorem:
370 3809 423 3879 δεῖ
444 3808 505 3903 τὴν
531 3807 717 3905 παρρησίαν
745 3804 826 3900 ἤθει
853 3802 1035 3901 κεκρᾶσθαι
1054 3801 1109 3872 καὶ
1126 3802 1221 3895 λόγον
1241 3801 1332 3896 ἔχειν

135 3934 344 4036 ἀφαιροῦντα
370 3938 408 4006 τδ
435 3935 518 4031 ἀγαν
546 3934 600 4005 καὶ
627 3935 664 4005 τδ
692 3933 830 4030 ἀκρατον
859 3932 962 4026 αὐτῆς
990 3929 1103 4026 ῶσπερ
1132 3928 1261 4023 φωτός,
1281 3928 1333 3998 ἵνα

126 4068 183 4164 μὴ
214 4065 450 4161 ταραττόμενοι
477 4062 556 4160 μηδ’
576 4064 754 4159 ἀλγοῦντες
781 4062 845 4131 ῦπδ
871 4066 938 4130 τῶν
958 4057 1090 4130 ἅπαντα
1108 4057 1331 4152 μεμφομένων

120 4195 192 4266 >tat
220 4199 318 4266 πᾶσιν
346 4175 571 4289 έγκαλοόντων
590 4189 843 4286 καταφεύγωσιν
864 4191 909 4267 εἰς
927 4188 989 4283 τὴν
1008 4192 1065 4257 τοῦ
1083 4186 1220 4262 κόλακος
1238 4182 1331 4253 σκιάν

113 4323 193 4394 >tort
220 4323 301 4420 πρδς
328 4323 364 4391 τδ
392 4322 439 4416 μὴ
467 4321 589 4390 λυποῦν
618 4319 904 4415 ἀποστρέφωνται.
