2834 4964
687 246 733 317 45

112 432 293 504 habemus
320 431 441 503 locum
468 430 503 501 in
531 429 605 502 vita
633 431 736 503 Fabii
759 431 906 504 Maximi
929 458 958 505 c.
990 455 1043 523 17,
1058 458 1145 528 pag.
1168 440 1234 525 184
1252 434 1306 521 C,

115 561 178 633 ubi
207 563 323 658 ἱερὸν
350 574 388 632 et
416 561 560 658 βωμθς
587 559 621 631 in
642 562 916 656 comparatione
935 578 1141 636 occurrunt.
1169 565 1308 637 Narrat

113 691 162 763 ibi
189 691 408 763 Plutarchus
435 691 625 763 Romanos
645 705 731 785 post
748 692 891 764 cladem
910 692 1141 792 Cannensem
1161 719 1306 767 omnem

113 846 217 915 spem
246 821 449 892 collocasse
485 820 520 891 in
548 820 664 893 Fabio
694 821 853 894 Maximo
882 836 919 895 et
946 825 995 895 ad
1022 822 1099 896 eius
1127 824 1191 896 viri
1219 850 1305 897 con-

113 950 227 1023 silium
255 966 442 1046 tamquam
470 944 645 1045 templum
662 976 812 1024 aramve
833 952 1061 1047 confugisse:
1081 951 1237 1053 ἡῬιίιμη
1257 999 1304 1008 -

112 1089 343 1178 πρυςρυγοῦσα
369 1089 413 1177 τῇ
439 1070 556 1177 γνωμῃ
584 1089 639 1152 τοῦ
667 1083 780 1179 ἀνδρὸς
809 1084 921 1180 ὥσπερ
950 1089 1028 1182 ἱερῷ
1054 1087 1106 1155 καὶ
1134 1084 1249 1183 βωμῷ.

61 1199 64 1205 ’
164 1207 360 1306 Ἱερεῖον,
397 1210 530 1293 hostia,
577 1234 705 1282 ansam
752 1210 1017 1305 comparationi
1053 1213 1119 1283 dat
1158 1212 1193 1283 in
1230 1212 1306 1284 vita

112 1337 242 1409 Dionis
271 1363 300 1409 c.
332 1360 389 1431 57,
419 1363 505 1433 pag.
522 1345 594 1429 983
616 1341 668 1424 A,
697 1339 759 1412 ubi
778 1340 933 1435 legimus
949 1341 1106 1414 Dionem
1122 1341 1307 1436 pugione,

110 1469 224 1541 veluti
250 1468 422 1554 hostiam,
446 1494 468 1541 a
493 1469 735 1565 Syracusanis
759 1483 958 1543 mactatum
982 1496 1081 1543 esse:
1110 1473 1307 1572 ἐγχειριδίῳ,

110 1599 266 1697 νιαθοίπερΙ
292 1606 422 1697 ἱερεῖον,
450 1602 503 1671 τθν
530 1599 640 1671 Δίωνα
667 1602 872 1697 ἀπέσφαξαν.

118 1810 122 1815 ,
165 1729 204 1798 In
233 1727 478 1822 disputatione
506 1729 553 1799 de
581 1752 706 1800 amore
733 1754 821 1824 pag.
841 1752 859 1820 7
866 1751 908 1822 51
929 1729 967 1803 C.
986 1730 1205 1802 Plutarchus
1219 1729 1305 1802 dicit

111 1858 308 1931 nonnullos
336 1883 436 1942 esse,
473 1857 535 1952 qui
562 1857 753 1930 derideant
791 1859 966 1932 Solonem
995 1873 1032 1932 et
1058 1860 1305 1956 Aeschylum,

110 2015 194 2062 cum
232 1989 332 2060 velut
368 1987 594 2060 sacrificulos
627 2002 665 2060 et
690 1987 850 2062 hariolos
878 2003 1063 2062 amatores
1090 1989 1242 2062 iubeant
1267 1989 1302 2061 in

109 2120 251 2192 femora
288 2132 325 2190 et
362 2143 493 2190 coxam
529 2117 727 2213 inspicere:
766 2120 868 2217 ἕτεροι
906 2120 1052 2218 μὲνγὰρ
1082 2122 1304 2216 καταγελῶσιν

109 2253 219 2322 αὐτῶν
260 2247 346 2345 (scil.
374 2249 523 2326 Σολωνος
563 2249 616 2319 καί
651 2245 831 2344 Αἰσχύλου)
869 2251 896 2317 εἰ
932 2246 1083 2345 καθάπερ
1117 2247 1218 2326 θύτας
1251 2250 1303 2319 καλ

110 2381 242 2475 μάντεις
270 2382 316 2457 εἰς
342 2377 383 2449 τά
406 2379 509 2474 μηρία
536 2377 588 2446 καὶ
614 2378 674 2472 τὴν
702 2376 802 2472 ὀσφὺν
830 2376 1031 2475 ἀποβλέπειν
1063 2376 1136 2453 τοὺς
1165 2376 1305 2473 ἐραστὰς

108 2506 306 2579 κελεύουσιν.

163 2633 397 2732 Ἀπαρχαί,
426 2633 581 2730 frugum
598 2635 808 2727 prrim'tt'ue,
825 2656 921 2727 quae
945 2631 1009 2703 diis
1033 2634 1304 2704 consecraban-

107 2780 178 2849 tur,
206 2763 240 2835 in
269 2763 545 2858 comparatione
574 2778 771 2835 occurrunt
797 2768 988 2869 pag4384
1019 2763 1077 2832 Ε.;
1107 2765 1209 2841 ἐνίους
1237 2769 1302 2832 τῶν

109 2895 266 2968 Πυθικῶν
292 2895 396 2990 λόγων
423 2903 488 2973 τοῖς
516 2893 629 2966 αὐτόθι
656 2895 781 2989 φίλοις,
809 2894 922 2990 ὥσπερ
951 2893 1125 2989 ἀπαρχάς,
1145 2891 1304 2962 ἀποστέλ-

107 3027 197 3119 λων,
224 3021 243 3093 i.
272 3048 302 3095 e.
332 3024 380 3094 ad
407 3022 561 3107 amicos
589 3021 666 3094 istic
695 3022 896 3115 degenteS‚
934 3021 1114 3115 quosdam
1143 3016 1304 3114 Pythicis

110 3155 160 3225 de
188 3154 300 3224 rebus
329 3151 631 3236 commentarios,
660 3151 765 3247 quasi
791 3149 965 3245 primitias
993 3149 1146 3221 mittens.

162 3283 393 3384 Λιβανωτό
402 3311 437 3378 ς,
466 3283 569 3377 thus,
598 3296 728 3353 natura
756 3287 830 3352 non'
860 3281 981 3365 olens,
1015 3305 1098 3352 cum
1127 3303 1213 3350 arae
1240 3277 1300 3348 im-

106 3411 258 3508 ponitur
300 3409 460 3496 ardenti,
497 3413 649 3482 odorem
690 3410 846 3482 exhalat.
920 3411 1030 3482 Unde
1073 3407 1302 3503 comparatio

107 3545 222 3615 ducta
250 3555 324 3626 est,
353 3566 450 3637 quae
464 3532 644 3613 invenitur
670 3564 757 3634 pag.
777 3562 847 3632 715
870 3540 927 3611 F.:
952 3543 1029 3611 ἔνιοι
1048 3540 1109 3637 γὰρ
1128 3540 1303 3636 εὑρητικὴν

108 3673 206 3770 φύσιν
242 3675 393 3769 ἔχοντες,
424 3675 457 3741 ἐν
481 3673 516 3742 δὲ
552 3680 599 3768 τῷ
625 3672 740 3767 νήφειν
768 3661 989 3766 ἀτολμοτέραν
1016 3669 1069 3740 καλ
1095 3674 1302 3763 πεπηγυῖαν,

108 3803 186 3874 ὅταν
215 3805 260 3879 εἰς
280 3804 316 3871 πθ
335 3803 436 3872 πίνειν
451 3800 606 3893 ἔλθωσιν,
627 3801 739 3896 ὥσπερ
760 3803 777 3869 ὁ
799 3798 997 3897 λιβανωτός,
1018 3799 1079 3867 ὑπθ
1098 3795 1302 3892 θερμότητος

107 3930 363 4025 ἀναθυμιῶνται.
694 3902 702 3931 ’

161 4060 253 4153 Pag.
289 4064 334 4150 65
362 4058 408 4128 D.
444 4056 601 4151 legimus
637 4057 890 4128 Alexandrum
928 4053 1181 4126 adulatoribus
1217 4079 1299 4126 sese

106 4190 421 4284 supplantandum
450 4186 659 4271 tradidisse,
688 4211 771 4258 cum
800 4188 847 4258 ab
875 4185 915 4258 iis
938 4185 1165 4269 adoraretur,
1195 4183 1301 4256 vesti·
1369 4188 1370 4191 ’

108 4336 210 4394 retur
238 4321 572 4413 adornareturque,
610 4331 650 4388 ut
678 4315 911 4388 barbaricum
941 4315 1128 4409 quoddam
1157 4314 1299 4386 simula-
