2834 4964
654 267 677 334 9

67 464 303 546 separantur:
344 455 455 548 ἡγεῖτο
490 451 551 548 γὰρ
587 445 767 548 ὁἊρατος
794 448 944 530 ἀσθενεῖς
971 453 1121 548 ίδίᾳτὰς
1149 454 1260 532 πόλεις

67 580 277 679 ὑπαρχούσας
305 575 472 677 σῴζεσθαι
499 578 538 649 δι’
561 579 716 676 ἀλλήλων
736 580 848 676 ὥσπερ
868 581 1079 674 ἐνδεδεμένας
1097 589 1145 678 τῷ
1165 589 1262 679 κοινῷ

67 712 280 806 συμφέροντι,
316 708 369 779 καλ
403 706 555 804 καθάπερ
590 707 631 778 τὰ
667 710 753 805 μέρη
789 714 845 778 τοῦ
882 709 1035 802 σώματος
1071 710 1178 789 ζῶντα
1206 711 1259 780 καλ

67 840 272 932 συμπνέοντα
305 836 358 906 διὰ
391 837 451 931 τὴν
477 837 557 932 πρδς
585 835 716 931 ἄλληλα
743 838 924 931 συμφυίαν,
952 836 1027 907 ὅταν
1055 835 1262 934 ἀποσπασθῇ

65 967 119 1037 καλ
153 967 286 1060 γένηται
321 966 443 1061 χωρίς,
479 965 619 1061 ἀτροφεῖ
649 964 702 1035 καλ
738 965 897 1060 σήπεται,
933 965 1175 1062 παραπλησίως
1203 965 1261 1044 τὰς

65 1095 177 1172 πολεις
205 1090 413 1172 ἀπάλλυσθαι
434 1091 492 1185 μὲν
512 1093 574 1161 θπδ
593 1100 658 1161 τῶν
678 1093 890 1162 διασπώντων
909 1094 945 1162 τδ
964 1093 1083 1186 κοινόν,
1102 1091 1261 1172 αὔξεσθαι

65 1223 102 1293 δὲ
142 1221 195 1292 ὑπ’
235 1220 407 1316 άλλιίγλων7
448 1219 523 1290 ὅταν
563 1219 639 1290 θλου
674 1222 759 1298 τινδς
796 1221 939 1315 μεγάλου
976 1223 1061 1317 μέρη
1090 1222 1260 1316 γενόμεναι

64 1358 173 1446 κοινῆς
201 1351 353 1447 προνοίας
380 1348 596 1444 τυγχάνωσιν.

119 1477 210 1549 Cum
247 1477 318 1548 hoc
354 1476 439 1547 loco
477 1475 634 1547 conferri
667 1489 792 1569 potest
828 1474 954 1548 fabula
991 1477 1037 1548 de
1065 1490 1195 1548 ventre
1223 1490 1261 1549 et

63 1607 253 1692 membriS‚
290 1630 401 1702 quam
438 1607 540 1700 apud
572 1605 714 1678 Livium
742 1606 791 1691 II,
827 1631 892 1688 22,
925 1631 946 1697 9
975 1620 1013 1678 et
1041 1605 1258 1703 Dionysium

63 1737 432 1809 Halicarnassensem
457 1735 570 1807 Arch.
595 1737 701 1808 Rom.
717 1737 766 1807 VI
783 1742 850 1822 86,
872 1736 1030 1831 legimus
1049 1761 1072 1807 a
1087 1736 1259 1809 Menenio

32 1923 34 1925 >
65 1867 252 1962 Agrippa·
279 1866 394 1962 plebi,
431 1891 528 1961 quae
569 1865 603 1937 in
634 1866 790 1939 Sacrum
831 1881 993 1939 montem
1034 1880 1258 1953 secesserat,

67 2011 252 2069 narratam
280 2021 371 2069 esse.

117 2128 209 2222 Pag.
244 2132 311 2217 167
341 2129 382 2197 Β.
409 2125 573 2198 notitiam
601 2126 660 2198 dei
688 2128 883 2199 multorum
912 2126 1041 2200 mentis
1069 2127 1259 2199 oculorum

65 2259 181 2352 longe
221 2255 478 2328 lucidissimum
514 2270 645 2328 vocat:
685 2261 709 2354 η
745 2258 804 2352 μὲν
841 2258 953 2352 ἄγνοια
984 2258 1118 2353 χαλεπὴ
1146 2258 1199 2328 καί
1225 2260 1261 2353 τδ

64 2394 212 2484 παρορᾶν
231 2388 284 2458 καλ
301 2388 500 2482 τυφλώττειν
518 2388 593 2484 περὶ
611 2387 789 2482 τηλικαῦτα
809 2385 962 2483 συμφορὰ
981 2386 1110 2481 μεγάλη
1130 2386 1259 2481 ψυχῆς,

66 2517 179 2613 ὥσπερ
208 2516 364 2610 ὀμμάτων
391 2515 523 2585 πολλῶν
549 2517 586 2585 τδ
614 2516 793 2610 φανότατον
811 2515 864 2585 καλ
882 2516 1080 2611 κυριώτατον
1099 2513 1261 2613 ἀπεσβεσ-

70 2647 172 2740 μένης
199 2645 258 2739 τὴν
285 2618 342 2713 τοῦ
369 2642 449 2713 θεοῦ
476 2644 598 2739 νόησιν.

118 2772 211 2866 Pag.
247 2777 322 2861 464
362 2771 402 2842 B.
438 2771 540 2843 leves
577 2795 654 2853 res,
685 2771 819 2842 malam
847 2767 1149 2842 consuetudinem
1176 2767 1262 2840 iras-

66 2900 173 2974 cendi
200 2900 479 2995 ingenerantes,
499 2915 692 2995 comparat
711 2924 793 2971 cum
813 2898 939 2971 litteris
958 2897 1126 2983 exilibuS‚
1145 2897 1262 2970 visum

66 3029 405 3125 corrumpentibus:
446 3039 491 3111 ὡς
531 3032 592 3129 γὰρ
632 3032 673 3102 τὰ
712 3030 817 3101 λεπτὰ
856 3029 1034 3127 γράμματα
1073 3030 1134 3124 τὴν
1170 3029 1261 3125 ὄψιν,

66 3160 151 3232 οὕτω
177 3162 218 3232 τὰ
245 3161 342 3258 μικρὰ
369 3161 546 3259 πράγματα
574 3161 698 3253 μᾶλλον
722 3161 899 3229 ἐντείνοντα
918 3156 1022 3228 νίιττει
1039 3158 1092 3228 καλ
1110 3157 1261 3254 ταράττει

64 3291 126 3386 τὴν
153 3290 269 3386 ὀργήν7
296 3284 374 3368 ἔθος
400 3291 543 3386 πονηρδν
571 3289 624 3358 ε’πλ
650 3288 691 3358 τὰ
718 3288 851 3382 μείζονα
879 3285 1120 3386 λαμβάνουσαν.

116 3417 209 3511 Pag.
252 3423 323 3489 812
368 3417 409 3488 E.
452 3441 642 3487 munerum
683 3409 896 3487 divisionem
936 3413 971 3484 in
1012 3438 1052 3485 re
1092 3411 1259 3507 publica,

65 3545 143 3619 eius
170 3545 266 3619 vires
294 3560 512 3642 augentem,
541 3558 735 3640 comparat
762 3569 844 3616 cum
873 3568 1003 3615 manus
1031 3542 1206 3615 divisione
1225 3541 1260 3612 in

65 3675 220 3770 djgitos:
257 3684 302 3757 ὡς
338 3677 399 3775 γὰρ
436 3682 452 3748 ὁ
488 3680 548 3772 τῆς
583 3678 691 3773 γειρδς
728 3678 773 3753 έις
800 3674 874 3753 τοὺς
901 3673 1076 3751 δακτύλους
1105 3674 1260 3769 μερισμδς

65 3809 123 3877 οὐκ
150 3805 275 3902 ἀσθενῆ
302 3808 494 3901 πεποίηκεν,
521 3804 606 3875 ἀλλὰ
632 3804 782 3900 τεχνικὴν
808 3804 862 3874 καλ
889 3802 1059 3900 ὀργανικὴν
1078 3802 1180 3896 αὐτῆς
1198 3801 1258 3894 τὴν

65 3943 202 4032 χρῆσιν,
239 3933 341 4013 οὕτως
378 3937 394 4004 ὁ
421 3932 622 4030 πραγμάτων
659 3934 780 4029 ἑτέροις
817 3933 851 4001 ἐν
886 3931 1036 4025 πολιτείᾳ
1070 3927 1260 4024 μεταδιδοὺς
1328 3973 1330 3976 -

69 4066 281 4161 ἐνεργοτέραν
307 4071 398 4133 ποιεῖ
419 4070 463 4158 τῇ
489 4063 639 4155 κοινωνίᾳ
664 4061 725 4155 τὴν
751 4060 876 4157 πρᾶξιν.

561 4291 767 4299 ,------
