2834 4964
83 166 86 170 .
154 95 299 171 Putant
327 97 516 193 agricolae
544 123 584 171 se
612 123 717 171 rosas
744 113 782 174 et
795 98 914 173 violas
930 99 1097 175 meliores
1116 101 1257 186 facere,
1278 102 1307 176 si

106 221 193 300 allia
229 242 267 301 et
305 253 418 324 cepas
454 226 554 301 iuxta
591 228 777 323 plantent,
819 231 921 325 quod
951 231 984 302 in
1027 256 1072 304 ea
1100 231 1308 305 excernitur

115 353 286 453 quidquid
322 357 499 431 alimentis
536 359 662 431 acerbi
688 358 782 431 inest
808 373 847 431 et
882 358 1015 466 foetidi.
1070 361 1180 434 Unde
1220 360 1306 434 ima-

124 481 199 574 gine
237 487 353 583 petita
379 512 467 583 pag.
498 511 544 579 92
572 490 611 558 Β.
665 488 886 562 Plutarchus
914 515 995 562 cum
1025 490 1114 563 alliis
1141 506 1179 563 et
1207 490 1306 587 cepis

129 632 303 712 comparat
330 617 511 689 inimicum
539 617 618 713 qui,
647 619 696 690 ad
723 643 763 691 se
791 620 1008 714 pertrahens
1038 634 1200 695 nostram
1219 621 1306 694 invi-

130 744 208 819 diam
226 747 584 843 malignitatemque‚
603 749 926 822 benevolentiores
945 775 1014 823 nos
1033 751 1158 824 amicis
1172 751 1305 825 reddit:

132 877 226 976 ὥσπερ
259 879 321 976 γὰρ
358 884 389 950 οἱ
422 882 589 977 χαρίεντες
624 880 761 978 χεωρχολ
797 879 837 950 τὰ
869 880 948 977 ῥόδα
974 881 1028 951 καί
1054 881 1095 952 τὰ
1120 885 1155 952 ἴα
1187 882 1305 982 βελτίω

129 1014 216 1078 ποιεῖν
241 1007 407 1101 νομίζουσι
435 1007 573 1104 σκόροδα
600 1008 654 1079 καὶ
680 1009 832 1105 κρόμμυα
855 1008 1144 1106 παραφυτεύοντες
1162 1011 1308 1108 (ἀποκρι-

126 1159 204 1204 νεται
235 1134 296 1232 γὰρ
338 1138 385 1214 εἰς
422 1137 529 1205 ἐκεῖνα
564 1141 630 1206 πᾶν
666 1135 740 1206 όσον
774 1137 879 1206 ’ἔνεστι
914 1143 959 1232 τῇ
993 1144 1101 1234 τροφῇ
1134 1137 1228 1235 δριμδ
1255 1140 1308 1209 καί

124 1259 294 1358 δυσῶδες),
322 1261 409 1334 οὕτω
436 1263 489 1333 καί
515 1267 531 1333 ὁ
552 1262 672 1361 ἑχθρδς
691 1264 933 1365 ἀναλαμβάνων
953 1267 1005 1335 καί
1023 1274 1194 1363 περισπῶν
1223 1264 1255 1364 (i.
1276 1291 1307 1338 e.

125 1388 308 1464 detrahens
336 1389 412 1466 sive
440 1391 657 1485 pertrahens
675 1390 749 1463 scil.
769 1392 887 1465 adse.
918 1393 973 1464 Ita
992 1393 1087 1465 enim
1106 1395 1306 1490 legendum

125 1540 198 1590 esse
222 1534 311 1614 puto
341 1545 423 1592 cum
452 1521 709 1592 Herwerdeno
737 1521 872 1593 Mnem.
909 1528 1005 1612 1890
1032 1548 1121 1619 pag.
1144 1546 1219 1615 370
1237 1551 1306 1621 pro

126 1654 297 1748 περιέπων,
325 1650 344 1722 i
366 1676 397 1723 e.
426 1664 609 1733 tractans,
630 1649 775 1737 fovens
796 1651 940 1739 colens,
964 1652 1066 1727 cuius
1085 1655 1189 1728 verbi
1207 1657 1305 1728 nulla

129 1773 330 1871 significatio
357 1781 430 1853 huc
457 1778 629 1877 quadrat)
657 1785 693 1854 τδ
712 1781 877 1879 κακόηθες
891 1783 944 1853 καλ
959 1783 1138 1884 βάσκανον,
1154 1787 1305 1881 εὐμενέσ-

130 1931 209 2005 τερον
231 1913 368 2010 παρέὲει
395 1938 432 1984 σε
459 1920 526 1990 τοῖς
554 1913 671 2007 φίλοις.
1071 2000 1074 2005 ¹

172 2045 204 2118 Α
228 2049 458 2121 secernendo
489 2047 606 2120 tritico
633 2050 682 2120 ab
710 2047 922 2142 agrestibus
941 2048 1137 2123 seminibus
1157 2075 1304 2146 compa-

124 2174 287 2250 rationem
315 2177 443 2273 petivit
469 2177 709 2272 philosophus
736 2202 825 2273 pag.
857 2199 898 2270 51
932 2178 994 2251 A.:
1024 2180 1137 2279 ὥσπερ
1157 2182 1219 2281 γὰρ
1237 2192 1303 2254 τῶν

123 2301 229 2400 άχρίων
261 2309 461 2408 σπερμάτων
498 2309 560 2380 όσα
595 2309 648 2379 καί
685 2299 803 2405 σχῆμα
829 2311 882 2379 καί
911 2308 1056 2406 μέγεθος
1074 2311 1305 2407 παραπλήσιον

122 2428 226 2527 ἔχοντα
251 2447 300 2536 τῷ
326 2446 421 2537 πυρῷ
447 2440 684 2534 συμμέμικται,
716 2439 869 2534 χαλεπὴν
890 2439 961 2535 ἔχει
979 2439 1040 2535 τὴν
1064 2435 1303 2537 ἀποκάθαρσιν·

122 2556 143 2652 ἢ
175 2565 228 2665 γάρ
260 2569 298 2638 οὐ
334 2567 514 2638 διεκπίπτει
549 2574 615 2636 τῶν
651 2569 860 2664 σπενωπέρων
900 2568 1027 2664 πόρων,
1066 2567 1090 2661 ἢ
1132 2570 1304 2639 συνεκπίπ-

121 2709 165 2757 τει
189 2693 235 2766 διὰ
260 2703 327 2767 τῶν
356 2697 477 2794 εδρέων
531 2692 599 2793 (Ita
627 2692 830 2766 enimcum
847 2695 1100 2766 Herwerdeno
1114 2694 1301 2768 Plutarch.

120 2835 199 2914 pag.
235 2848 253 2895 2
293 2824 493 2918 legendum
531 2837 588 2896 est
623 2848 692 2918 pro
729 2825 782 2895 διὰ
808 2834 873 2896 τῶν
903 2827 1047 2923 ἀραιῶν,
1083 2825 1185 2920 quod
1222 2825 1306 2920 ipsa

119 2942 219 3025 docet
245 2952 430 3049 oppositio
458 2951 702 3053 στενωτέρων),
731 2952 834 3032 οὕτως
861 2957 884 3050 ἡ
913 2954 1069 3058 κολακεία
1087 2962 1146 3051 τῆς
1170 2958 1302 3051 φιλίας,

118 3075 163 3155 Εἷς
197 3092 258 3156 πᾶν
302 3083 410 3165 πάθος
449 3085 503 3155 καί
541 3090 607 3154 ποῒν
647 3085 771 3179 κίνημα
811 3083 865 3153 καί
899 3085 1012 3180 χρείαν
1040 3083 1094 3153 καί
1122 3084 1302 3180 συνήθειαν

118 3201 228 3308 ἓαυτλν
254 3211 539 3308 καταμιγνύουσα,
567 3212 790 3308 δυσχώριστός
818 3214 926 3304 ἐστιν,
955 3209 974 3280 i.
1003 3235 1034 3281 e.
1064 3212 1302 3305 quemadmo-

118 3328 198 3411 dum
229 3339 393 3437 agrestia
428 3339 585 3422 semina,
629 3363 725 3435 quae
762 3338 881 3411 tritico
922 3339 1101 3434 permixta
1137 3340 1301 3413 eiusdem

117 3474 219 3562 atque
257 3445 345 3543 illud
384 3485 469 3544 sunt
509 3473 654 3567 figurae
695 3494 740 3541 ac
782 3468 1060 3564 magnitudinis,
1106 3469 1300 3543 difficulter

119 3607 365 3687 secernuntur,
406 3614 471 3673 aut
511 3574 624 3673 enim
648 3625 721 3672 non
763 3599 937 3672 excidunt
976 3626 1044 3695 per
1080 3601 1298 3695 angustiora

94 3748 97 3755 ·
121 3722 214 3802 cribri
237 3731 415 3804 foramina
442 3744 507 3804 aut
524 3730 630 3805 simul
650 3755 733 3802 cum
753 3729 870 3802 tritico
891 3730 1069 3825 ampliora
1087 3746 1298 3826 permeant,

124 3841 166 3924 ila
189 3862 363 3947 adulati0‚
392 3886 519 3934 omnes
546 3862 720 3947 affectus
748 3874 888 3946 motus,
916 3885 1004 3933 usus
1030 3885 1075 3933 ac
1104 3876 1298 3934 consuetu-

128 3978 213 4063 dines
250 3991 428 4065 amicitiae
468 3991 619 4075 imitata‚
665 3990 859 4063 difficulter
904 3992 953 4062 ab
994 4015 1040 4062 ea
1084 3991 1294 4064 secernitur.
