2834 4964
683 251 724 298 12

105 433 370 520 contraximus,
407 433 641 528 gravioribus
677 433 867 506 doloribus
904 459 972 506 nos
1008 434 1157 506 afficere
1195 435 1311 523 dicit,

104 588 215 660 quam
243 563 409 647 fortuita,
437 562 531 636 sicut
557 562 619 658 qui
646 563 768 657 rigent
795 562 919 657 epialis
947 563 1158 638 febribusve
1177 579 1312 638 aestu-

104 709 186 780 ant,
214 692 425 788 graviorem
453 692 614 766 sentiunt
641 685 861 779 molestiam,
881 718 993 789 quam
1012 693 1146 789 quibus
1166 697 1310 768 eadem

51 897 54 902 ,
104 823 330 896 extrinsecus
358 825 407 896 ab
435 838 541 896 aestu
569 836 634 894 aut
660 825 750 917 gelu
777 823 968 896 accidunt:
989 831 1034 904 ὡς
1053 825 1114 923 γὰρ
1133 831 1163 896 οί
1182 830 1313 923 ῥιγοῦν-

103 981 156 1034 τες
191 956 343 1052 ἠπιάλοις
378 955 431 1026 καί
466 961 615 1051 πυρετοῖς
649 955 855 1049 διακαόμενοι
881 963 946 1024 τῶν
973 953 1075 1025 ταύτὰ
1101 955 1307 1050 πασχόντων

103 1082 227 1163 ἐξωδεν
254 1085 317 1154 ύπδ
344 1083 509 1177 καύματος
535 1084 558 1178 ἢ
586 1081 700 1180 κρύους
729 1084 853 1178 μᾶλλον
881 1084 1088 1179 ἐνοχλοῦνται
1114 1084 1167 1154 καί
1192 1084 1310 1154 κάκιον

105 1212 257 1307 έχουσιν,
285 1209 387 1289 οὕτως
415 1211 636 1308 ἐλαφροτέρας
664 1211 736 1306 ἔχει
758 1210 799 1281 τὰ
817 1211 946 1308 τυχηρὰ
972 1210 1030 1289 τὰς
1048 1209 1165 1304 λύπας,
1187 1212 1309 1310 ὥσπερ

106 1339 230 1419 ἔξωθεν
258 1341 509 1436 ἐπιφερομένας.

158 1475 250 1569 Pag.
279 1479 354 1564 488
385 1473 434 1559 C,
462 1498 582 1568 agens
601 1474 648 1545 de
667 1473 821 1545 fratrum
839 1472 1037 1558 discordiis,
1058 1473 1144 1545 dicit
1162 1473 1308 1547 discor-

105 1604 221 1690 diam,
236 1629 276 1675 re
292 1618 533 1675 controversa
547 1602 722 1688 diremta‚
737 1602 966 1675 desinentem
982 1603 1113 1676 nullius
1128 1604 1312 1676 momenti

105 1759 207 1819 esse,
235 1733 329 1805 sicut
355 1732 484 1815 febris,
515 1732 650 1805 tumori
665 1732 948 1827 superveniens,
968 1732 1051 1803 nihil
1070 1734 1184 1805 habet
1203 1735 1309 1819 mali;

106 1888 188 1936 eam
224 1888 335 1948 ver0,
363 1886 460 1958 quae
488 1862 740 1934 controversia
769 1863 925 1961 sublata
943 1864 1311 1947 remanet‚2confert

105 2019 188 2066 cum
225 1992 335 2075 febri,
373 2017 470 2088 quae
507 1992 680 2087 graviore
718 1994 849 2064 morbo
877 2006 1121 2086 provocatur:
1149 1992 1308 2094 καθάπερ

105 2124 165 2221 γὰρ
194 2124 249 2194 ἐπί
277 2122 418 2223 βουβῶνι
445 2130 585 2221 πυρετοῦ
612 2125 785 2218 γενομένου
814 2124 914 2193 δεινδν
942 2124 1034 2193 οὐδέν
1064 2125 1170 2216 ἐστιν,
1198 2123 1237 2192 ἂν
1268 2125 1307 2194 δὲ

104 2254 317 2346 παυσαμένου
353 2253 549 2348 παραμένη,
577 2252 669 2329 νόσος
698 2253 778 2321 εἶναι
806 2251 896 2321 δοκεῖ
918 2252 971 2322 καί
999 2250 1184 2351 βαθυτέραν
1213 2252 1307 2347 ἐχειν

105 2379 231 2477 ἀρχὴν,
260 2377 362 2457 ούτοις
390 2380 543 2475 ἀδελφῶν
572 2383 594 2476 ἡ
624 2379 707 2473 μετὰ
735 2382 771 2448 τδ
798 2386 934 2476 πρᾶγμα
961 2381 1134 2474 παυομένη
1160 2380 1306 2476 διαφορὰ

106 2515 162 2578 τοῦ
206 2507 396 2604 πράγματός
437 2509 525 2601 ἐστι,
565 2515 624 2603 τῆς
666 2507 693 2577 δ’
722 2506 940 2604 ἐπιμενούσης
979 2507 1142 2604 πρόφασις
1185 2508 1226 2603 ἦν
1269 2510 1308 2578 τδ

106 2642 261 2733 πρᾶγμα,
290 2633 465 2732 μοχθηράν
491 2661 527 2705 τε
554 2636 607 2706 καί
635 2634 774 2705 ύπουλον
802 2637 904 2705 αἰτίαν
926 2632 1018 2731 ἐχον.

159 2761 330 2856 Denique
372 2761 684 2860 comparationem
726 2786 748 2833 a
784 2761 876 2833 febri
911 2761 1063 2856 petitam
1099 2761 1306 2835 invenimus

108 2916 195 2986 pag.
223 2898 298 2982 468
328 2893 385 2963 F.:
414 2900 460 2972 ῶς
486 2893 548 2990 γὰρ
576 2896 609 2962 ἐν
636 2902 683 2990 τῷ
705 2896 872 2991 πυρέττειν
891 2893 989 2990 πικρὰ
1006 2893 1112 2963 πάντα
1139 2893 1191 2962 καί
1213 2894 1306 2990 ἀηδῆ

107 3025 257 3118 φαίνεται
292 3025 501 3117 γευομένοις,
536 3017 607 3092 ἀλλ’
643 3021 718 3092 ὅταν
748 3023 875 3116 ’ίδοιμεν
901 3024 1050 3118 ἐτέρους,
1077 3020 1179 3091 ταύτὰ
1208 3047 1304 3117 προς-

17 3238 19 3245 ,
108 3153 306 3248 φερομένους
342 3152 395 3221 καί
431 3151 478 3245 μὴ
516 3151 804 3247 δυσχεραίνοντας,
841 3151 946 3218 ούκέτι
973 3151 1009 3218 τδ
1037 3151 1134 3218 σιτίον
1163 3148 1237 3218 ουδὲ
1265 3151 1303 3219 τδ

17 3284 19 3293 ’
106 3281 224 3373 ποτόν,
265 3273 337 3349 ἀλλ’
372 3277 488 3356 αύτούς
524 3276 711 3372 αἰτιώμεθα
745 3279 798 3348 καὶ
824 3278 884 3372 τὴν
911 3277 1014 3347 νόσον·
1043 3274 1128 3346 ούτιυ
1155 3276 1208 3346 καί
1235 3285 1302 3356 τοῖς

108 3407 277 3505 πράγμασι
300 3404 498 3499 παυσόμεθα
519 3406 723 3500 μεμφόμενοι
741 3406 793 3476 καί
813 3405 1096 3501 δυσχεραίνοντες,
1116 3406 1154 3475 ἂν
1174 3406 1305 3501 ἑτέρους

107 3534 209 3606 ταύτὰ
235 3535 513 3631 προςδεχομένους
541 3531 675 3611 ἀλύπως
703 3533 756 3602 καί
784 3533 903 3630 ἱλαρῶς
931 3536 1070 3629 ὁρῶμεν.

159 3664 251 3755 Pag.
292 3664 367 3751 476
410 3661 448 3731 F.
489 3659 767 3732 malefactorum
809 3658 1071 3754 poenitentiam
1108 3676 1305 3754 comparat

108 3817 191 3864 cum
231 3792 355 3862 ulcere
395 3789 577 3884 pungenti
616 3814 762 3884 semper
802 3802 840 3862 et
867 3789 1061 3862 saucianti:
1103 3795 1126 3887 ἡ
1155 3790 1304 3886 σύνεσις,

111 3923 182 4015 ,ὅτι
219 3921 348 3991 σύνοιδα
380 3920 453 3990 δείν’
481 3919 715 4018 ἠργασμένος,”
743 3923 807 3990 οἷον
835 3920 927 3998 ἕλκος
956 3923 989 3990 ἐν
1017 3920 1110 4016 σαρκί
1136 3927 1180 4015 τη
1210 3920 1305 4015 ψυχῇ

108 4052 168 4145 τὴν
201 4050 419 4143 μεταμέλειαν
455 4048 679 4143 αἱμάσσουσαν
716 4049 767 4119 ἀεί
793 4049 846 4119 καί
873 4048 1051 4119 νύσσουσαν
1082 4048 1302 4117 ἐναπολείπει.

27 4150 30 4157 ¹
161 4177 253 4270 Pag.
274 4194 299 4267 4
306 4199 350 4269 52
378 4177 424 4248 A.
448 4175 606 4248 animum
631 4174 738 4247 nimio
756 4176 885 4247 dolore
900 4176 960 4247 vel
974 4174 1113 4270 gaudio
1128 4175 1188 4247 vel
1203 4188 1305 4246 metu

112 4321 321 4400 correptum
351 4307 494 4379 confert
522 4331 604 4378 cum
634 4330 792 4400 corpore
820 4304 975 4377 tumenti
1002 4319 1040 4376 et
1063 4304 1304 4376 inflammato:
