2834 4964
681 151 727 238 56

105 353 262 451 πράττεις
300 351 479 450 πράγματα
515 357 792 449 πεπιστευμένος,
826 355 887 453 οὐχ
919 358 1037 437 ἁπλοῖς
1069 357 1192 453 ἤθεσιν
1228 362 1295 433 οὐδὲ

105 487 279 578 χρηστοῖς,
320 479 433 578 ὥσπερ
470 481 624 577 εὐφυέσιν
661 483 885 580 ὀργάνοις,
922 485 1009 556 ἀλλά
1045 487 1226 586 καρχάροις
1260 489 1296 560 τά

104 609 212 680 πολλά
239 608 294 680 καὶ
321 610 462 688 σκολιοῖς
489 610 699 681 διακονεῖται.

156 737 247 830 Pag.
286 741 358 825 807
400 737 447 808 D.
479 735 594 809 'civilis
620 736 686 809 viri
713 724 849 812 amicos
876 738 962 812 viva
988 756 1026 814 et
1051 740 1298 839 intellegentia

105 866 182 939 eius
216 867 454 939 instrumenta
481 880 594 939 vocat
620 867 879 963 philosophus:
916 872 1040 968 όργανα
1066 873 1128 971 γάρ
1157 879 1190 945 οἱ
1216 876 1299 971 φίλοι

105 1001 215 1080 ζῶντα
242 997 297 1069 καλ
325 1003 509 1094 φρονοῦντα
536 1005 603 1068 τῶν
631 999 810 1070 πολιτικῶν
838 1001 967 1098 ἀνδρῶν
996 1003 1087 1072 εἰσίν.
1134 1000 1187 1074 Cf.
1214 1028 1298 1098 pag.

106 1133 174 1199 801
209 1126 267 1199 C.:
296 1125 344 1199 ἑνλ
372 1125 543 1222 χρώμενος
570 1127 699 1224 ὀργάνῳ
726 1136 776 1224 τῷ
803 1129 910 1226 λόγῳ,
935 1127 1044 1202 unico
1067 1143 1177 1204 utens
1197 1133 1299 1205 orati-

104 1256 183 1329 onis
215 1256 463 1328 instrumento.

156 1388 242 1458 Huc
261 1409 411 1480 quoque
429 1383 611 1479 pertinent
626 1385 880 1480 metaphorae,
895 1386 958 1460 ubi
972 1391 1121 1484 κανών,
1137 1399 1300 1479 anzussz's,

104 1531 141 1590 et
160 1518 322 1613 στάθμη
342 1529 598 1586 memorantur.
627 1515 770 1612 Στάθμη
790 1516 885 1588 enim
906 1531 962 1590 est
973 1519 1173 1615 funiculus
1188 1528 1299 1596 minzi>

104 1652 255 1731 tinctus,
283 1670 358 1739 quo
387 1645 539 1716 admoto
566 1643 658 1716 labri
684 1670 836 1718 cernere
863 1661 1032 1743 possunt,
1060 1662 1183 1722 utrum
1203 1668 1301 1726 recte

104 1776 191 1873 quid
227 1775 385 1872 positum
418 1773 463 1847 sit
490 1800 616 1847 necne.
645 1775 683 1848 Si
710 1790 834 1848 autem
862 1777 1041 1851 funiculus
1070 1780 1198 1854 colore
1229 1809 1301 1856 non

104 1907 293 1980 distinctus
321 1919 395 1991 est,
432 1905 588 1979 discerni
615 1905 698 1977 nihil
726 1919 859 2000 potest.
889 1908 974 1980 Huc
1003 1923 1168 2003 spectat,
1201 1915 1305 2008 quod

103 2040 150 2111 de
177 2038 330 2133 garrulo
357 2037 515 2131 legimus
548 2038 655 2131 *pag
687 2057 757 2128 513
788 2037 846 2108 F.:
884 2042 954 2111 ἔστι
982 2039 1042 2134 μὲν
1071 2039 1126 2110 οὖν
1147 2043 1303 2140 ἀτεχνῶς

101 2175 123 2268 ἡ
152 2171 254 2264 λευκὴ
284 2169 419 2263 στάθμη
446 2170 526 2265 πρὸς
553 2167 627 2245 τοὺς
653 2168 767 2262 λόγους
788 2170 804 2236 ό
824 2168 1022 2264 ἀδόλεσχος,
1046 2166 1065 2239 i.
1081 2193 1111 2239 e.
1126 2173 1306 2262 garrulus

102 2313 176 2380 est,
215 2296 278 2369 ubi
312 2297 360 2368 ad
397 2296 513 2367 verba
549 2293 708 2379 venitur,
746 2297 827 2366 albu
855 2300 1015 2367 amussis.
1071 2298 1138 2370 Est
1177 2316 1306 2376 autem

102 2430 206 2524 λευκὴ
234 2427 371 2522 στάθμη
398 2422 648 2519 proverbium,
672 2426 808 2497 fluxum
828 2451 848 2498 e
872 2425 1069 2512 sententia,
1085 2453 1198 2523 quam
1214 2431 1308 2528 legi-

103 2581 185 2629 mus
212 2555 312 2650 apud
341 2554 562 2648 Sophoclem
589 2554 718 2648 fragm.
748 2575 842 2644 307:

281 2693 348 2765 τοῖς
375 2685 435 2780 μὲν
464 2686 570 2781 λόγοις
598 2694 664 2763 τοῖς
683 2693 786 2756 σοῖσιν
815 2688 851 2757 οὐ
879 2689 1109 2785 τεκμαίρομαι.
1193 2736 1197 2745 ·

282 2816 318 2885 οὐ
346 2816 471 2910 μᾶλλον
499 2815 521 2909 ἢ
550 2816 660 2911 λευκῴ
687 2814 773 2911 λίθῳ
802 2816 903 2910 λευκὴ
933 2815 1081 2910 στάθμη.

154 2962 264 3034 Plura
292 2963 339 3033 de
367 2962 436 3032 hoc
463 2960 661 3055 proverbio
687 2960 772 3032 vide
800 2961 901 3055 apud
928 2960 1064 3032 Zenob.
1095 2961 1158 3046 IV,
1189 2968 1250 3054 89.

155 3092 219 3163 Ad
247 3092 404 3163 eandem
434 3091 690 3186 metaphoram
718 3091 950 3162 referendum
979 3104 1053 3176 est,
1081 3093 1183 3185 quod
1211 3119 1305 3190 pag.

106 3229 153 3297 86
183 3222 228 3293 A.
258 3223 304 3293 de
333 3221 374 3293 iis
402 3221 464 3315 qui
487 3221 522 3292 in
537 3221 669 3293 virtute
685 3221 892 3293 exercenda
905 3220 1120 3315 proficiunt,
1149 3222 1306 3299 dicitur:

103 3354 196 3425 οὐδὲν
225 3355 297 3448 εἰκῆ
326 3354 511 3449 προςίενται
538 3358 602 3421 τῶν
631 3354 852 3448 γιγνομένων,
877 3347 949 3422 ἀλλ’
968 3355 1034 3423 οῖον
1055 3353 1121 3423 άπό
1141 3353 1302 3452 στάθμης

103 3489 160 3554 τοῦ
187 3483 284 3577 λόγου
312 3480 507 3578 προςάγουσι
534 3479 589 3550 καλ
615 3482 913 3578 προςαρμόττουσιν
942 3480 1092 3551 ἕκαστον.

154 3608 297 3682 Κανών
312 3633 422 3681 sensu
436 3608 612 3680 translato
627 3607 821 3679 adhibetur
834 3631 921 3701 pag.
933 3630 951 3678 2
960 3630 977 3699 5
996 3609 1046 3693 E„
1062 3608 1125 3680 ubi
1136 3610 1303 3682 nonnulli

103 3738 271 3811 homines
293 3742 428 3817 κανόνες
451 3741 570 3836 ἀρετῆς
593 3750 780 3809 vocantur.
801 3737 850 3812 Cf.
866 3741 975 3831 *pag
997 3760 1064 3827 103
1092 3737 1149 3821 Α.,
1168 3742 1242 3826 780
1258 3739 1302 3811 B.

151 3865 298 3963 Ἡλος,
338 3869 477 3952 clauus,
514 3891 601 3962 pag.
640 3890 712 3956 344
752 3866 792 3936 E
824 3867 1073 3962 metaphorice
1101 3884 1306 3962 usurpatur

105 3999 152 4069 de
192 3998 347 4092 sagitta,
388 3997 534 4092 corpori
573 3996 762 4068 thoracem
804 3997 1067 4091 adstringenti:
1109 3998 1228 4092 δεσμός
1256 4000 1300 4094 ἢν

105 4129 159 4199 καλ
191 4130 272 4224 ἧλος
298 4131 335 4199 rh
362 4129 503 4223 τόξευμα
530 4133 587 4198 τοῦ
615 4128 767 4225 θώρακος
793 4129 874 4224 πρός
900 4129 937 4197 τθ
965 4135 1074 4222 σῶμα.
1131 4124 1297 4198 Conserri

107 4271 229 4352 potest
255 4281 342 4351 pag.
374 4261 445 4346 718
474 4256 539 4342 D.‚
567 4255 631 4327 ubi
658 4253 818 4350 loquitur
844 4255 892 4326 de
919 4253 1025 4327 clavo
1051 4254 1250 4349 voluptatis
1266 4270 1304 4327 et
