2834 4964
724 221 794 306 138
913 276 916 280 .

159 424 220 497 Sic
248 448 335 520 pag.
353 428 400 496 88
425 424 465 495 Ε.
493 423 713 496 Plutarchus
740 422 852 496 vitam
878 422 1046 497 vitiosam
1076 426 1278 521 opprobria
1300 427 1339 507 ad¹

158 579 198 627 se
235 555 446 665 trahentem¹
471 566 664 650 comparat
691 578 774 627 cum
802 554 930 627 caecia
957 556 1078 627 nubes
1106 556 1345 630 contrahenti:

40 722 45 734 ·
134 691 203 764 ’ὡς
230 685 291 782 γὰρ
319 689 336 756 ὁ
364 687 480 765 κακίας
506 685 548 757 τὰ
575 686 662 781 νέφη
689 685 743 756 καί
772 689 788 756 ὁ
815 687 940 781 φαῦλος
964 685 1033 787 βίος
1052 685 1106 782 ἐφ’
1125 689 1244 759 ἑαυτδν
1265 688 1349 759 ἕλκει

159 813 218 893 τὰς
245 814 418 911 λοιδορίας.

212 941 304 1035 Pag.
344 962 414 1033 555
455 940 502 1011 A.
539 938 625 1012 dicit
651 942 825 1013 acerbam
853 943 1109 1037 audacemque
1136 942 1359 1038 pravitatem

160 1094 278 1165 usque
306 1070 356 1142 ad
384 1070 503 1164 ipsum
520 1069 661 1142 facinus
674 1084 866 1165 peractum
880 1096 1022 1145 summa
1035 1073 1072 1145 vi
1086 1086 1241 1172 praesto
1258 1098 1362 1154 esse,

158 1213 292 1294 postea
328 1213 452 1272 autem
488 1197 597 1272 animi
633 1213 820 1294 tamquam
855 1200 955 1273 venti
990 1201 1128 1296 impetu
1159 1202 1365 1277 deficiente

163 1328 336 1402 mollitam
373 1328 630 1424 abiectamque
668 1328 778 1401 metui
809 1331 965 1402 deorum
1003 1332 1271 1427 hominumque
1301 1335 1370 1406 ob-

38 1449 41 1452 *
160 1459 305 1532 noxiam
333 1459 429 1532 fieri:
457 1467 480 1559 ἡ
508 1462 569 1558 γὰρ
597 1462 755 1556 ἰταμότης
782 1463 894 1557 ἐκείνη
912 1462 967 1533 καί
985 1464 1022 1534 τδ
1042 1462 1151 1560 δρασδ
1169 1471 1232 1560 τῆς
1247 1467 1369 1544 κακίας

160 1591 238 1689 ἄχρι
274 1598 341 1662 τῶν
379 1590 593 1686 ἀδικημάτων
623 1591 756 1687 ἰσχυρόν
785 1592 855 1662 ἐστι
882 1591 937 1661 καί
964 1592 1162 1689 πρόχειρον,
1200 1593 1280 1664 εἶτα
1309 1601 1370 1665 τοῦ

159 1719 288 1798 πάθους
315 1718 429 1817 ὥσπερ
455 1717 642 1812 πνεύματος
669 1719 922 1812 ὑπολείποντος,
950 1719 1092 1799 ἀσθενὲς
1117 1720 1173 1791 καί
1201 1725 1370 1794 ταπεινδν

162 1849 339 1919 ὑποπίπτει
367 1854 435 1926 τοῖς
462 1847 576 1946 φόβοις
603 1846 658 1918 καί
684 1854 755 1926 ταῖς
782 1847 1061 1941 δεισιδαιμονίαις.

213 1976 305 2070 Pag.
334 1997 381 2066 97
411 1976 451 2046 E.
479 1973 513 2045 in
542 1973 788 2068 disputatione
811 1975 879 2060 „de
899 1974 1066 2047 sortuna''
1081 1972 1209 2070 imago
1224 1976 1373 2072 legitur

162 2131 185 2177 a
223 2119 336 2178 vento
372 2105 563 2200 pulverem
601 2117 638 2176 et
673 2105 804 2176 sordes
845 2103 1047 2199 exagitanti
1082 2128 1127 2176 ac
1168 2104 1372 2201 dissipanti

163 2236 294 2308 ducta:
338 2239 367 2307 εἰ
406 2235 448 2307 τδι
488 2243 548 2332 τῆς
588 2234 761 2335 εὐβουλίας
805 2236 886 2332 ἔργα
921 2242 981 2331 τῆς
1021 2234 1127 2331 τύχης
1160 2235 1371 2333 νδικαιοῦμεν

163 2368 268 2460 εἶναι,
296 2365 477 2460 μεθέμενοι
504 2372 571 2436 τῶν
598 2365 727 2435 οἰκείων
756 2365 923 2459 λογισμῶν
953 2366 999 2443 εἰς
1018 2365 1079 2460 τὴν
1099 2363 1206 2461 τύχην
1223 2366 1371 2447 ἑαυτοὺς

162 2495 316 2589 ἀφῶμεν,
345 2494 458 2591 ὥσπερ
479 2494 542 2563 ύπδ
568 2492 756 2587 πνεύματος
783 2493 907 2563 πολλοῦ
935 2495 1098 2590 κονιορτδν
1126 2494 1149 2588 ἢ
1174 2497 1370 2590 συρφετόν,

163 2623 401 2716 ἐλαυνομένους
428 2621 483 2691 καὶ
509 2621 776 2717 διαφερομένους.

373 2835 391 2933 β
420 2840 452 2907 6.
494 2835 768 2909 METAPHORAE
790 2858 964 2906 namna
992 2858 1149 2907 DucTAE.

215 3025 543 3121 Frequentissimus
591 3038 647 3097 est
695 3050 784 3097 usus
834 3024 1106 3121 metaphoricus
1159 3027 1368 3100 verborum

48 3198 50 3203 ·
163 3158 420 3257 σβεννύναι,
454 3156 771 3257 ἀποσβεννύναι,
803 3157 1146 3258 κατασβεννύναι,
1174 3158 1366 3254 φλέγειν,

165 3288 416 3385 μαραίνειν.

216 3414 277 3487 Sic
314 3414 577 3516 σβεννύναι,
613 3417 840 3510 extinguere.
878 3439 989 3487 sensu
1042 3415 1221 3486 translato
1259 3439 1367 3486 usur-

163 3558 289 3639 patum
316 3541 516 3638 reperimus
531 3544 578 3615 de
593 3544 723 3616 dolore
737 3569 825 3639 pag.
842 3550 917 3617 610
934 3544 971 3615 F.
986 3575 992 3618 :
1014 3545 1135 3647 ἔσβεσε
1153 3547 1191 3615 τδ
1215 3546 1365 3638 λυποῦν,

162 3676 209 3746 de
219 3673 372 3747 avaritia
392 3697 480 3769 pag.
495 3695 565 3766 523
583 3675 633 3746 F.:
651 3677 866 3774 φιλαργυρίαν
886 3677 923 3747 ού
942 3675 1114 3776 σβέννυσιν
1130 3673 1298 3771 ἀργύριον,
1314 3675 1364 3746 de

164 3803 287 3877 surore
315 3829 402 3899 pag.
432 3808 501 3893 361
535 3805 602 3875 D.:
653 3805 780 3906 βέσασα
807 3807 868 3902 τήν
896 3807 1030 3901 μανίαν,
1050 3801 1094 3874 cf.
1118 3825 1204 3898 pag.
1223 3808 1300 3891 366
1324 3805 1365 3876 B.

216 3933 587 4036 Κατασβεννύναι
615 3935 662 4005 de
689 3932 956 4028 pulchritudine
983 3932 1018 4004 in
1046 3932 1120 4006 vita
1148 3932 1304 4005 Antonii
1333 3960 1365 4006 c.

166 4069 211 4136 82
242 4087 329 4158 pag.
359 4084 431 4155 953
462 4062 524 4133 E:
560 4068 582 4161 ἡ
616 4066 729 4158 μέντοι
765 4064 860 4162 χάρις
893 4066 1004 4159 ἐκείνη
1039 4064 1094 4135 καί
1121 4066 1158 4134 τδ
1184 4069 1246 4158 τῆς
1273 4064 1367 4163 ὥρας

165 4193 281 4286 ἱταμδν
310 4193 346 4262 οὐ
373 4193 575 4292 κατέσβεστο
594 4193 827 4284 παντάπασιν,
854 4192 901 4262 de
923 4190 1104 4263 seditione
1119 4191 1153 4263 in
1169 4189 1244 4263 vita
1260 4189 1365 4265 Cice-

166 4319 263 4390 ronis
291 4343 321 4391 c.
353 4342 397 4390 22
427 4344 516 4415 pag.
546 4324 617 4410 872
635 4318 699 4390 A.:
728 4324 878 4417 μέγιστον
894 4319 960 4392 τῶν
976 4321 1113 4393 πιύποτε
1127 4331 1364 4420 νεωτερισμῶν
