2834 4964
658 233 703 302 27

83 422 435 522 δραπετεύοντες
476 424 511 492 ἐκ
551 421 765 516 φιλοσοφίας,
805 432 843 490 et
883 443 971 513 pag.
1014 424 1086 508 692
1118 420 1184 504 D.,
1212 417 1275 489 ubi

83 551 416 647 ἐξευνουχίζειν
451 550 500 620 ad
538 546 626 619 meri
659 545 887 620 diffusionem
915 573 983 643 per
1010 548 1132 620 colum
1160 561 1274 620 trans-

82 681 196 754 fertur
222 679 346 774 itaque
372 677 519 774 ponitur
536 703 605 773 pro
625 678 754 774 διηθεῖν
773 677 847 750 sive
863 681 997 751 διαττᾶν
1012 677 1087 750 sive
1102 679 1273 759 διυλίζεινε

82 812 339 907 ἐξευνουχίζουσι
366 813 419 881 τδν
447 810 583 909 ἄκρατον
610 809 663 879 καί
690 808 952 905 ἀποθηλύνουσιν
979 813 1009 878 οἱ
1035 807 1234 906 διηθοῦντες.

133 941 209 1011 lam
250 951 479 1010 transeamus
519 937 569 1008 ad
605 935 859 1030 metaphoras,
898 959 995 1029 quae
1027 949 1198 1030 spectant
1225 935 1274 1007 ad

80 1069 264 1141 hominum
292 1071 532 1152 inventutem,
559 1092 734 1150 amorem,
761 1075 983 1147 senectutem,
1012 1077 1169 1137 mortem.

133 1198 314 1293 Γεννοῖν,
338 1209 529 1292 procreare
555 1222 666 1269 sensu
693 1196 870 1268 translato
894 1194 1094 1268 adhibitum
1114 1194 1273 1269 occurrit

79 1356 166 1425 pag.
201 1353 267 1420 143
299 1329 358 1400 E.:
386 1333 409 1426 ί,
437 1330 528 1425 κλίνη
548 1335 645 1424 γεννᾷ
663 1327 840 1425 διαφοράς,
861 1351 948 1421 pag.
972 1332 1043 1419 536
1064 1327 1103 1398 F.
1124 1333 1273 1422 γεννᾶται

78 1464 114 1531 τδ
142 1469 254 1555 μῖσος,
283 1458 327 1531 cf.
351 1483 438 1553 pag.
455 1462 528 1547 316
546 1455 584 1528 C.
600 1454 809 1550 Γύνιμος,
821 1456 1019 1549 fecundus,
1041 1481 1129 1552 pag.
1151 1462 1197 1530 86
1215 1456 1271 1528 C.:

78 1589 202 1688 ἔχθρας
230 1592 436 1686 γονιμώτατα
464 1586 580 1683 πάθη,
609 1609 696 1680 pag.
723 1591 790 1678 165
813 1586 879 1658 A.:
899 1588 959 1682 τήν
986 1587 1115 1682 γόνιμον
1139 1587 1272 1682 ἁπάσης

78 1719 202 1815 ἡδονῆς
231 1720 426 1810 ἀκολασίαν,
456 1715 499 1788 cf.
528 1739 616 1810 pag.
649 1721 721 1806 788
751 1716 791 1787 E.

131 1854 292 1952 Τιτδη,
321 1858 464 1926 nutrz'x.
518 1855 610 1948 Pag.
640 1860 711 1944 673
743 1854 790 1926 A.
818 1853 973 1949 scriptor
1000 1852 1085 1927 dicit
1112 1852 1271 1925 animum

78 1983 243 2078 corporis
271 1983 555 2078 appetitionibus
581 1984 754 2057 inservire
782 1999 896 2080 atque
924 1984 1001 2058 eius
1026 1983 1212 2056 desideriis
1230 2009 1270 2057 se

77 2115 381 2199 accommodare,
405 2114 535 2187 exinde
550 2114 610 2187 illo
625 2114 819 2188 ministerio
835 2116 1047 2188 defunctum
1062 2129 1100 2187 et
1113 2114 1272 2209 negotiis

76 2269 255 2330 vacuum,
296 2269 382 2317 suas
422 2245 472 2316 ad
511 2245 722 2340 voluptates
762 2271 802 2318 se
844 2260 1081 2330 convertere,
1109 2244 1270 2340 disputa-

75 2373 235 2446 tionibus
262 2398 302 2446 se
330 2388 559 2447 recreantem
586 2389 623 2447 et
642 2375 853 2471 disciplinis,
873 2400 1094 2470 comparans
1113 2374 1269 2447 animum

76 2528 160 2576 cum
188 2503 347 2591 nutrice,
376 2529 472 2599 quae
492 2518 568 2577 tum
587 2507 752 2592 demum,
772 2531 855 2578 cum
874 2519 1059 2578 saturatus
1078 2518 1134 2578 est
1152 2504 1270 2578 infans

75 2647 115 2706 et
133 2633 355 2717 indormivit,
376 2633 455 2730 ipsa
473 2661 541 2730 pro
561 2661 601 2708 se
621 2638 817 2709 commodo
837 2635 920 2709 cibo
939 2649 1106 2731 potuque
1125 2634 1269 2706 fruitur:

76 2765 191 2862 ὥσπερ
228 2765 281 2835 ούν
317 2771 352 2836 αἱ
386 2766 426 2836 τὰ
462 2766 569 2865 βρέφη
599 2767 805 2864 ψωμίζουσαι
831 2767 944 2865 τροφοὶ
972 2766 1069 2863 μικρὰ
1097 2768 1270 2861 μετέχουσι

74 2900 135 2988 τῆς
171 2893 313 2989 ἡδονῆς,
347 2893 422 2965 ύταν
450 2894 586 2966 δ’έκεῖνα
613 2897 771 2992 κορέσωσι
798 2896 851 2966 καί
877 2898 1047 2989 κοιμίσωσι
1073 2893 1270 2987 παυσάμενα

75 3018 373 3117 κλαυθμυρισμῶν,
400 3029 575 3119 τηνικαῦτα
602 3021 676 3093 καθ’
703 3022 821 3102 έαυτάς
840 3024 1022 3119 γιγνόμεναι
1040 3022 1081 3092 τὰ
1098 3023 1270 3120 πρύσφορα

76 3150 161 3218 σιτία
196 3150 249 3219 καί
284 3150 368 3220 ποτὰ
403 3151 606 3251 λαμβάνουσι
637 3152 690 3221 καλ
723 3150 951 3222 ἀπολαύουσιν·
986 3149 1088 3229 ούτως
1120 3155 1143 3248 ἡ
1178 3152 1269 3247 ψυχη
1317 3235 1320 3240 ,

74 3286 141 3346 τῶν
169 3277 242 3374 περὶ
273 3280 367 3349 πύσιν
394 3280 447 3349 καί
475 3279 595 3378 βρῶσιν
622 3280 749 3377 ἡδονῶν
778 3282 910 3376 μετέχει
937 3288 1007 3358 ταῖς
1033 3286 1089 3351 τοῦ
1117 3282 1269 3373 σώματος

76 3407 201 3501 ὀρέξεσι
228 3408 318 3504 δίκην
345 3406 458 3503 τιτθῆς
486 3409 715 3505 ὑπηρετοῦσα,
742 3409 795 3479 καί
822 3409 1023 3506 χαριζομένη
1052 3410 1199 3505 δεομένῳ
1218 3409 1270 3478 καλ

74 3532 264 3631 πραύνουσα
290 3535 348 3614 τὰς
376 3534 573 3630 ἐπιθυμίας,
602 3536 677 3607 ύταν
706 3536 836 3608 δ’έκεῖνο
866 3539 1004 3635 μετρίως
1032 3538 1097 3634 ’ἔχη
1120 3537 1173 3607 καί
1190 3540 1270 3633 ησυ-

75 3662 187 3758 χάση,
223 3664 423 3761 πραγμάτων
459 3665 687 3760 ἀπαλλαγεῖσα
719 3667 772 3736 καλ
798 3667 970 3764 λατρείας,
998 3665 1065 3762 ἤδη
1094 3669 1130 3736 τδ
1156 3666 1269 3735 λοιπδν

75 3791 130 3860 ἐπὶ
156 3790 213 3870 τὰς
241 3794 342 3888 αὑτῆς
369 3792 489 3889 ἡδονὰς
517 3795 689 3890 τρέπεται,
717 3794 822 3889 λύγοις
850 3796 1064 3891 εὐωχουμένη
1088 3795 1141 3864 καὶ
1161 3791 1269 3888 μαθέ,-

75 3945 156 4012 μασι
186 3920 239 3990 καί
267 3922 417 4017 ἱστορίαις
444 3921 497 3991 καλ
524 3928 572 4018 τῷ
598 3922 707 4017 ζητεῖν
735 3948 764 3991 τι
791 3924 813 4018 ἢ
842 3921 969 3993 ἀκούειν
996 3932 1061 3992 τῶν
1088 3929 1268 4019 περιττῶν,

75 4044 138 4117 ubi
158 4051 180 4144 ἢ
195 4061 281 4120 ante
297 4048 423 4120 ἀκούειν
437 4047 585 4120 inseruit
599 4048 764 4144 Madvig.
780 4049 939 4122 Advers
955 4049 1063 4121 critic,
1078 4073 1165 4143 pag.
1181 4054 1267 4140 651.

128 4178 219 4272 Pag.
250 4203 269 4268 3
275 4201 324 4268 3ο
351 4179 391 4250 B.
413 4179 630 4251 Plutarchus
649 4194 774 4252 narrat
791 4180 1042 4252 Alexandrum
1061 4177 1267 4273 gestavisse

73 4322 216 4380 vestem
252 4333 299 4380 ex
333 4308 460 4381 habitu
494 4308 641 4382 Persico
669 4324 706 4381 et
733 4308 979 4382 Macedonico
1008 4308 1268 4404 compositam,
