2866 5040
690 242 758 308 119

177 428 388 523 Θάλλειν,
418 429 574 522 florere,
616 451 724 499 sensu
761 427 940 500 translato
973 426 1110 499 dictum
1144 426 1321 523 reperitur
1396 485 1399 487 Α

124 582 214 653 pag.
242 578 317 649 479
334 557 391 629 Α.;
420 560 504 637 οῖκος
531 557 669 652 τέθηλε.

172 684 345 783 Ἄνθος,
362 690 454 783 flor,
485 710 572 781 pag.
604 692 673 779 765
691 687 754 760 A.:
785 690 886 769 ἄνθος
914 672 1045 788 ἀρετῆς.

176 819 266 892 Eua
277 819 359 916 νθή
371 846 406 912 ς,
435 820 514 889 bene
524 818 683 912 florens,
703 819 812 913 *pag
835 841 904 889 120
919 818 956 889 A
971 818 1017 890 de
1033 831 1155 890 aetate
1171 817 1318 891 dicitur:

125 948 354 1043 εὐανθεστάτη
385 949 509 1045 ἡλικία.
553 945 603 1018 Cf.
632 972 721 1043 pag.
753 971 828 1042 500
842 949 888 1018 D.

178 1075 350 1151 Ἀνθεῖν
387 1076 434 1147 de
462 1074 613 1149 floribus
641 1079 689 1149 ad
716 1078 837 1151 varias
865 1103 924 1150 res
951 1078 1179 1163 transfertur,
1207 1078 1321 1150 veluti
1388 1079 1390 1082 ’

127 1208 176 1278 ad
203 1204 372 1277 familiam
399 1230 487 1301 pag.
519 1228 588 1298 553
606 1209 665 1279 B.:
695 1212 786 1306 γένος
813 1210 967 1306 ἤνθησε,
995 1209 1044 1280 ad
1062 1207 1218 1303 gloriam
1233 1231 1320 1304 pag.

126 1342 201 1426 360
216 1335 274 1421 C„
302 1334 337 1406 in
364 1334 440 1407 vita
466 1335 572 1408 Arati
600 1362 629 1409 c.
665 1361 705 1427 13
723 1362 811 1432 pag.
834 1361 927 1429 1032
946 1339 1003 1424 E„
1023 1340 1072 1410 ad
1087 1337 1322 1433 tragoediam

125 1491 211 1562 pag.
250 1471 324 1556 348
347 1465 406 1552 C„
435 1467 482 1538 ad
508 1465 673 1539 homines
700 1492 787 1562 pag.
817 1492 863 1558 93
882 1470 949 1554 Β.,
977 1494 1065 1564 pag.
1096 1474 1168 1558 804
1185 1468 1245 1551 E..
1273 1468 1322 1540 ad

128 1597 254 1669 urbem
281 1595 315 1667 in
343 1596 419 1668 vita
449 1595 606 1669 Othonis
634 1622 664 1669 c.
694 1602 715 1669 6
744 1623 831 1692 pag.
866 1605 961 1690 1069
977 1599 1024 1671 D.

177 1725 411 1821 Ἐξανθεῖν,
445 1727 674 1822 efflorescere,
703 1727 843 1822 tropice
870 1728 1029 1823 positum
1057 1728 1259 1802 invenimus
1285 1728 1319 1800 in

126 1855 198 1927 vita
225 1853 358 1927 Thesei
386 1880 415 1927 e.
445 1861 467 1928 6
496 1881 583 1951 pag.
613 1881 632 1947 3
664 1858 727 1929 D.:
749 1858 935 1957 ἐξάνθησαν
955 1866 989 1931 αἱ
1007 1863 1127 1932 κακίαι.
1158 1858 1210 1931 Cf.
1231 1885 1319 1955 pag.

126 1991 195 2077 563
236 1986 296 2070 Β.,
333 2009 406 2076 430
447 1985 486 2058 C.
541 1987 660 2060 Sensu
697 1986 886 2059 transitivo
915 1988 1104 2073 efferendi,
1132 1989 1321 2061 emittendi

121 2114 258 2211 legitur
298 2137 386 2211 pag.
417 2138 488 2209 353
515 2117 574 2188 F.:
605 2117 740 2198 ἐξανθεῖ
762 2118 803 2188 τὰ
830 2120 969 2213 σώματα
995 2120 1140 2216 λέπραν,
1182 2118 1227 2189 111
1245 2118 1321 2192 vita

120 2244 297 2319 Eumenis
334 2271 363 2318 0.
407 2252 450 2319 16
488 2272 576 2341 pag.
618 2269 688 2339 593
719 2247 786 2317 D.:
815 2249 925 2318 πεδίον
955 2246 1088 2342 ἐξήνθει
1116 2250 1213 2320 κόνιν.
1269 2248 1321 2321 cf.

117 2399 212 2470 pas·
244 2381 316 2468 546
348 2375 386 2448 C·

177 2505 435 2603 Ἐπανθεῖν,
476 2508 688 2602 ffflorescere
728 2510 767 2578 in
809 2506 937 2601 aliqua
978 2533 1034 2588 re,
1070 2508 1320 2602 metaphorice
1382 2517 1385 2523 '

114 2635 260 2709 dictum
285 2650 440 2731 usurpat
457 2637 675 2710 Plutarchus
695 2662 783 2732 pag.
808 2642 883 2726 646
904 2635 960 2708 C.:
980 2638 1075 2735 χάριν
1097 2637 1319 2710 ἐπανθοῦσαν.

115 2765 177 2838 Cf.
215 2791 303 2860 pag.
335 2788 380 2859 54
410 2768 448 2838 F.
503 2769 542 2838 In
570 2767 645 2841 uita
673 2766 821 2839 Periclis
849 2791 878 2838 c.
914 2790 954 2856 13
985 2789 1073 2860 pag.
1109 2787 1177 2858 159
1208 2767 1246 2837 F.
1275 2769 1321 2839 de

115 2895 201 2968 eius
230 2895 404 2991 operibus
432 2896 579 2969 dicitur:
608 2898 751 2970 ἐπανθεῖ
773 2924 820 2976 τις
847 2898 1010 2992 καινότης.

177 3028 270 3121 Pag.
307 3046 379 3117 317
420 3026 459 3099 C.
495 3003 610 3100 lectio
642 3025 786 3098 ἐπανθεῖ
808 3050 882 3096 11011
910 3038 1066 3098 constat.
1095 3025 1163 3097 Est
1191 3025 1322 3098 Cobeti

119 3155 338 3229 coniectura
374 3182 442 3252 pro
474 3160 635 3257 παρέχει,
663 3156 765 3250 quod
793 3168 850 3227 est
876 3153 910 3225 in
939 3153 1135 3228 codicibus.
1190 3156 1322 3251 Nuper
1400 3220 1403 3226 ,

120 3286 378 3381 Stegmannus
427 3286 523 3359 Nov.
575 3286 671 3357 Ann.
730 3290 826 3375 1890
874 3286 954 3356 Vol.
1003 3308 1049 3375 41
1096 3309 1183 3380 pag.
1231 3291 1320 3376 196,

120 3415 231 3488 aliam
268 3414 563 3489 emendationem
591 3414 800 3511 proposuit:
830 3418 1016 3514 ἐπιτρέχει,
1043 3419 1142 3511 quae
1169 3415 1321 3511 propius

124 3546 174 3617 ad
194 3546 363 3618 codicum
378 3545 573 3619 lectionem
589 3547 783 3627 accedens
801 3544 975 3639 optimum
992 3571 1139 3619 sensum
1154 3549 1320 3641 praebet.

125 3677 163 3746 In
180 3677 369 3750 codicibus
383 3676 569 3750 vocabulo
585 3679 725 3774 παρέχει
740 3673 930 3769 praecedit
944 3675 1161 3774 καθεστηκός.
1191 3677 1320 3771 Itaque

124 3804 242 3878 littera
271 3807 302 3882 Ε.
330 3807 435 3880 facile
464 3804 633 3879 excidere
660 3804 780 3899 potuit
806 3819 891 3899 post
919 3804 954 3878 θ.
983 3805 1093 3876 Plura
1117 3804 1200 3877 vide
1221 3807 1322 3900 apud

129 3934 400 4049 Stegmannum
427 3938 447 4008 l.
475 3937 495 4008 1.

176 4064 377 4167 Καρπός,
400 4068 575 4162 fructus,
613 4064 862 4160 metaphorice
900 4079 1114 4159 usurpatum
1141 4064 1322 4138 invenitur

127 4219 213 4290 pag.
257 4219 329 4290 549
372 4198 431 4283 Β.,
468 4197 531 4269 ubi
565 4199 612 4269 de
648 4195 773 4267 iniuria
810 4194 895 4267 dicit
933 4208 1078 4267 noster:
1113 4199 1167 4266 τὸν
1195 4200 1319 4294 καρπὸν

130 4327 224 4406 εὐθὺς
252 4332 372 4426 ὡραῖον
401 4329 611 4399 ἀποδίδωσιν.
667 4325 719 4398 Cf.
748 4351 834 4420 pag.
864 4330 940 4397 610
969 4325 1098 4415 Ε.,’44
1120 4324 1182 4409 Α.,
1207 4346 1250 4414 73
1273 4325 1319 4394 D.
