2866 5040
690 232 758 301 107

121 429 256 515 „aanor
272 420 308 491 δέ
321 421 359 491 τέ
373 423 404 490 οἱ
416 421 511 490 πέλει
525 421 617 516 αὐτῷ
626 418 645 443 ”
658 476 667 514 ,
682 420 786 516 μηδὲν
801 423 846 499 εἰς
861 420 973 517 δνησιν
987 422 1107 492 οἰκείαν
1121 421 1317 516 ἀναδιδόντι,

122 549 211 646 μηδὲ
238 549 471 620 καταπέττοντι
497 554 563 618 τῶν
589 547 860 647 λαμβανομένων.

146 677 317 750 'Eadem
358 674 586 770 comparatio
627 675 729 769 apud
769 675 978 748 Iuvenalem
1024 673 1101 748 Sat.
1141 676 1197 762 X,
1245 699 1319 766 230

123 819 242 892 extat,
269 805 332 878 ubi
358 807 405 878 de
432 830 522 878 sene
549 804 705 900 legitur:

228 935 305 1031 ipse
332 937 381 1009 ad
409 949 651 1031 conspectum
680 960 822 1008 coenae
835 934 1024 1009 ‘diducere
1053 935 1181 1009 rictum

228 1080 354 1139 suetus
368 1064 443 1139 hiat
456 1079 600 1138 tantum
615 1091 686 1138 ceu
700 1066 822 1160 pullus
835 1064 1048 1153 hirundinis,
1063 1068 1112 1138 ad
1126 1091 1236 1162 quem

229 1221 293 1269 ore
321 1197 424 1269 volat
450 1195 562 1290 pleno
591 1209 708 1268 mater
733 1194 862 1268 ieiuna.

178 1329 286 1426 Γόψ,
332 1327 472 1399 vultur.
529 1324 659 1399 Solent
703 1326 867 1399 vultures
912 1326 962 1398 ad
1007 1327 1158 1399 odorem
1200 1326 1319 1401 carnis

124 1457 277 1553 putidae
318 1455 419 1540 ferri,
458 1480 588 1551 puram
629 1470 667 1528 et
706 1480 835 1529 sanam
875 1482 950 1530 non
990 1455 1198 1535 sentientes.
1253 1456 1318 1554 (cf.

124 1587 268 1660 Aelian.
311 1588 399 1659 Nat.
437 1585 557 1658 Anim.
593 1586 661 1671 III,
701 1607 731 1676 7.
759 1586 827 1673 IV,
862 1586 932 1682 18.)
986 1587 1096 1659 Unde
1123 1585 1318 1681 imaginem

123 1717 252 1812 petivit
287 1730 413 1789 noster
448 1739 537 1810 pag.
575 1721 620 1806 87
643 1716 709 1802 D.,
741 1715 804 1788 ubi
829 1715 991 1789 inimicos
1019 1730 1056 1788 et
1083 1741 1229 1804 osores,
1256 1716 1318 1788 im-

123 1846 246 1942 primis
281 1845 366 1919 vitia
402 1860 530 1919 nostra
557 1845 841 1941 aggredientes,
870 1847 956 1919 dum
983 1846 1136 1920 virtutes
1162 1846 1320 1920 intactas

125 1976 351 2072 relinquunt,
393 1990 587 2070 comparat
627 2001 711 2048 cum
751 1975 975 2060 vulturibus,
1014 2001 1126 2050 carne
1162 2003 1256 2072 pura
1283 1992 1321 2050 et

125 2132 217 2180 sana
245 2107 370 2179 relicta
397 2105 518 2179 statim
544 2106 595 2178 ad
621 2104 785 2202 putidam
812 2130 853 2178 se
873 2106 1191 2180 convertentibus:
1219 2107 1320 2179 καθά-

126 2264 190 2336 περ
210 2243 239 2308 οἱ
256 2243 356 2333 γῦπες
376 2239 430 2308 ἐπὶ
447 2237 504 2316 τὰς
525 2236 629 2331 ὀσμὰς
644 2244 709 2307 τῶν
726 2235 946 2335 διεφθορότων
966 2239 1128 2332 σωμάτων
1147 2240 1319 2336 φέρονται,

125 2373 192 2437 τῶν
228 2366 265 2436 δὲ
296 2364 451 2464 καθαρῶν
478 2366 531 2436 καλ
559 2365 763 2461 ὑγιαινόντων
790 2364 946 2462 αἴσθησιν
973 2367 1029 2436 οὐκ
1055 2367 1207 2463 ἔχουσιν,
1235 2365 1320 2437 οὕτω

124 2495 167 2566 τὰ
193 2501 348 2566 νοσοῦντα
374 2500 430 2565 τοῦ
459 2494 529 2595 βίου
552 2495 605 2565 καλ
623 2495 735 2590 φαῦλα
753 2495 806 2564 καλ
824 2493 1013 2565 πεπονθότα
1031 2502 1113 2566 κινεῖ
1127 2498 1182 2566 τδν
1200 2495 1321 2593 ἐχθρδν

124 2625 179 2695 καὶ
213 2626 296 2722 πρδς
322 2617 416 2694 ταῦθ’
443 2628 474 2693 οἱ
500 2629 670 2717 μισοῦντες
699 2616 832 2719 ᾄττουσι
858 2623 911 2694 καλ
936 2622 1059 2694 τοότων
1087 2623 1242 2696 ἅπτονται
1269 2624 1321 2695 καλ

123 2753 375 2850 σπαράττουσιν.
417 2749 469 2823 Cf.
496 2775 585 2847 pag.
621 2756 716 2841 1096
736 2751 781 2822 A.

178 2878 387 2976 Ἀλκοών,
411 2881 544 2975 alcyon.
574 2879 808 2976 Alcyonibus
827 2879 1087 2952 incubantibus
1106 2905 1205 2953 mare
1224 2857 1338 2953 tran-¹

127 3009 277 3106 quillum
300 3033 382 3082 esse
400 3008 515 3082 videri
534 3010 693 3105 antiquis
707 3010 824 3108 (unde
843 3011 915 3082 dies
937 3012 1096 3105 alcyonz‘z'
1119 3009 1217 3108 dicti)
1232 3025 1321 3084 nota

129 3165 186 3214 res
213 3153 279 3213 est.
308 3139 359 3213 Cf.
376 3138 485 3212 Arist.
514 3138 606 3212 Hist.
635 3139 756 3212 Anim.
784 3141 830 3226 V,
862 3146 895 3213 8.
924 3139 1067 3212 Aelian.
1087 3141 1173 3213 Nat.
1201 3140 1321 3213 Anim.

129 3271 160 3357 Ι,
182 3277 241 3361 36.
276 3269 369 3342 Plut.
397 3270 444 3342 de
472 3269 615 3342 Sollert.
643 3269 763 3342 Anim.
791 3294 879 3367 pag.
908 3276 981 3361 982
1003 3271 1041 3342 F.
1070 3273 1179 3345 Unde
1206 3270 1322 3367 petita

130 3416 183 3474 est
210 3383 438 3496 comparatio
463 3424 559 3494 quae
587 3399 722 3495 legitur
748 3425 836 3496 pag.
858 3407 927 3473 126
943 3402 1007 3472 D.:
1035 3408 1058 3501 ἡ
1086 3403 1113 3475 δ’
1127 3406 1231 3500 ὑγίεια
1253 3412 1322 3483 ταῖς

129 3533 280 3628 ἡδοναῖς,
317 3532 430 3629 ὥσπερ
466 3535 489 3628 ἡ
522 3532 652 3627 γαλήνη
680 3539 749 3611 ταῖς
776 3527 947 3626 ἀλκυόσιν,
975 3534 1110 3630 ἀσφαλῆ
1137 3533 1191 3604 καλ
1218 3533 1322 3627 καλὴν

129 3664 251 3754 γένεσιν
278 3662 331 3732 καλ
357 3662 490 3757 λοχείαν
518 3660 694 3731 ἐνδίδωσιν.

176 3787 385 3885 Κολοιοί,
415 3789 573 3884 graculi.
629 3787 778 3861 Graculi
813 3788 999 3883 gregatim
1033 3788 1155 3861 vivere
1182 3788 1319 3874 solent,

122 3909 225 3989 unde
253 3916 379 4012 imago
406 3931 554 4012 sumpta
580 3931 638 3990 est
664 3942 752 4013 pag.
781 3942 828 4008 93
851 3919 911 3989 E:
941 3921 1032 4017 φιλία
1060 3919 1116 3990 οόκ
1143 3922 1210 3990 ἐστι
1235 3920 1320 4016 ζῴον

119 4049 311 4127 κολοιῶδες.
350 4047 403 4120 Cf.
431 4071 519 4142 pag.
549 4053 623 4138 619
642 4049 688 4120 A.

168 4166 210 4248 'N
220 4203 238 4246 ο
248 4205 266 4247 κ
276 4205 294 4248 τ
304 4203 320 4248 ε
330 4204 348 4275 ρ
360 4180 371 4249 ί
380 4180 396 4249 δ
407 4204 424 4248 ε
435 4206 471 4273 ς,
491 4179 767 4272 vespertiliones,
781 4177 816 4250 in
831 4176 1106 4272 comparatione
1121 4190 1321 4249 occurrunt

116 4324 214 4400 pag.
245 4310 316 4397 567
334 4305 395 4392 Ε.,
423 4305 486 4377 ubi
513 4306 673 4393 animae,
702 4332 724 4379 a
748 4332 788 4380 se
807 4307 960 4380 invicem
978 4308 1202 4402 pendentes,
1222 4332 1320 4379 com-
