2834 4964
676 244 724 310 44

104 430 282 504 Christ:
307 428 438 501 Metrik
456 429 522 501 der
541 427 722 501 Griechen
740 428 816 498 und
831 428 979 513 Romen,
999 451 1086 522 pag.
1103 433 1178 519 683
1199 427 1306 527 sqq.).

105 561 233 656 Itaque
262 559 428 646 „Doricis
455 559 574 654 magis
601 583 711 654 quam
741 557 863 654 Lydiis
883 557 1095 631 excessibus
1112 561 1305 653 peccare''

104 689 200 763 idem
227 704 284 763 est
311 715 355 762 ac
383 689 501 784 magis
527 688 562 760 in
590 687 774 783 gravitate
799 698 911 783 qua'm
928 687 963 758 in
983 687 1130 760 mollitie
1152 691 1307 762 modum

104 822 298 893 excedere.

155 952 247 1045 Pag.
292 975 358 1042 142
397 951 445 1021 D.
482 953 685 1022 tibicinium
723 962 984 1044 argumentum
1013 949 1307 1044 comparationis

104 1080 271 1176 scriptori
306 1081 496 1175 praebuit:
534 1082 586 1168 δεῖ
617 1079 705 1174 (scil.
741 1083 801 1176 τὴν
837 1078 986 1176 γυναῖκα)
1021 1080 1073 1151 διὰ
1099 1088 1158 1151 τοῦ
1186 1081 1305 1179 ἀνδρδς

104 1212 234 1306 λαλεῖν,
262 1213 309 1306 μὴ
339 1212 631 1309 δυσχεραίνουσαν,
659 1213 687 1280 εἰ
715 1209 754 1279 δι’
782 1209 953 1306 ἀλλοτρίας
981 1210 1159 1304 γλώσσης,
1188 1210 1304 1308 ὥσπερ

104 1340 272 1436 αὐλητής,
287 1338 465 1435 φθέγγεται
481 1340 683 1436 σεμνότερον.
713 1335 863 1410 Obtinet
881 1336 913 1407 h.
929 1336 949 1407 l.
964 1338 1166 1409 verborum
1181 1337 1303 1423 lusus

104 1465 190 1562 quia
223 1442 360 1562 γλῶσσα
396 1490 469 1538 non
506 1466 617 1537 modo
653 1465 817 1561 linguam
850 1466 1064 1551 humanam,
1092 1466 1161 1537 sed
1190 1466 1300 1538 etiam

103 1597 254 1691 ligulam
278 1594 386 1667 tibiae
406 1595 588 1690 significat
607 1595 664 1693 (cf.
685 1596 820 1668 dehac
840 1595 1106 1690 significatione
1125 1597 1302 1669 vocabuli

102 1728 238 1822 γλῶσσα
265 1725 427 1808 Bekker,
457 1726 599 1798 Anecd.
627 1725 759 1798 Graec.
780 1749 847 1816 32,
869 1724 956 1796 Plin.
982 1730 1045 1811 16,
1066 1723 1139 1822 36).
1170 1726 1299 1822 Itaque

104 1853 249 1939 mulier,
289 1854 415 1950 lingua
443 1855 558 1926 mariti
584 1878 717 1927 vocem
746 1857 861 1928 edens
887 1854 1036 1949 propria
1064 1855 1297 1949 graviorem,

104 1999 338 2078 comparatur
366 2010 448 2057 cum
477 1985 636 2071 tibicine,
665 1986 780 2080 ligula
807 1985 916 2057 tibiae
945 1983 1100 2057 canenti.

155 2115 246 2209 Pag.
287 2139 332 2205 41
379 2114 418 2187 C.
447 2116 697 2187 abundantem
725 2130 836 2210 atque
865 2128 997 2187 ornatu
1024 2114 1296 2209 superbientem

102 2243 297 2342 dictionem
324 2244 358 2316 in
387 2272 426 2318 re
454 2247 647 2318 tractanda
675 2244 771 2317 idem
795 2244 943 2317 efficere
963 2243 1067 2327 dicit,
1089 2246 1193 2339 quod
1212 2244 1297 2317 tibia

102 2373 136 2444 in
165 2377 359 2448 cantando.
415 2374 518 2448 Sicut
545 2376 638 2448 enim
666 2375 752 2448 tibia
778 2374 946 2470 impedit,
975 2373 1169 2470 quominus
1198 2375 1297 2447 audi·

102 2517 202 2576 tores
248 2504 455 2577 canentium
501 2530 645 2578 errores
686 2506 855 2589 audiant,
898 2505 948 2577 ita
990 2504 1142 2599 copiosa
1183 2519 1296 2601 atque

104 2649 235 2706 ornata
272 2634 381 2707 dictio
418 2660 530 2730 saepe
568 2650 670 2709 recto
708 2636 776 2723 rei,
813 2637 860 2709 de
893 2662 967 2732 qua
994 2636 1134 2731 agitur,
1164 2635 1295 2708 iudicio

105 2766 247 2836 obstat:
290 2773 335 2845 ὡς
376 2766 436 2865 γὰρ
476 2775 540 2838 τῶν
582 2766 633 2837 ὑπ’
674 2769 782 2847 αὐλοῖς
823 2767 966 2864 ᾀδόντων
1007 2772 1041 2837 αἱ
1075 2768 1196 2838 πολλαὶ
1223 2767 1295 2845 τοὺς

105 2895 278 2974 ἀκούοντας
299 2880 467 2993 Ιοἰμαρτιάι
504 2895 749 2992 διαφεύγουσιν,
786 2895 870 2966 οὕτω
906 2897 1042 2993 περιττὴ
1079 2897 1132 2965 καὶ
1169 2894 1295 2995 σοβαρὰ

104 3023 189 3102 λέξις
217 3025 410 3118 ἀντιλάμπει
436 3032 484 3122 τῷ
510 3026 656 3123 ἀκροατῇ
681 3028 762 3122 τρδς
789 3027 825 3095 τδ
853 3023 1064 3121 δηλούμενον.

156 3152 248 3244 Pag.
280 3175 351 3243 491
383 3152 430 3223 A.
458 3152 563 3225 amici
590 3152 739 3225 alterius
766 3151 879 3246 partis
907 3151 1059 3224 studiosi
1086 3176 1168 3222 cum
1198 3149 1296 3223 sonis

103 3280 325 3354 inconcinnis
351 3282 385 3353 in
414 3282 530 3355 modis
558 3282 702 3355 musicis
720 3297 989 3376 comparantur.
1018 3283 1102 3353 Non
1124 3280 1296 3353 coniunc-

105 3410 239 3484 tionem
272 3413 338 3484 sed
365 3393 640 3485 disiunctionem
668 3411 848 3484 efficiunt:
878 3413 979 3482 ἄνισοι
1007 3414 1115 3508 φίλοι,
1143 3410 1296 3511 καθάπερ

105 3543 139 3612 ἐν
162 3543 380 3640 διαγράμματι
400 3551 544 3640 μουσικῷ
562 3542 720 3639 φθόγγοι,
739 3543 896 3623 διάζευξιν
915 3542 952 3611 οὐ
972 3542 1119 3636 συναφὴν
1138 3548 1296 3612 ποιοῦσιν.

168 3827 186 3925 §
221 3850 273 3898 10.
329 3827 601 3898 METAPHORAE
634 3851 661 3896 A
694 3848 815 3898 cucnu
846 3848 1025 3909 DEORUM,
1058 3849 1085 3894 A
1116 3847 1224 3895 cums

245 3979 520 4038 sonnuuuuaus
551 3980 578 4027 A
606 3979 859 4028 MYTHOLOGIA
886 3978 1155 4026 DEPROMPTAE.

154 4190 280 4262 Pauca
299 4192 554 4262 tantummodo
581 4190 895 4284 comparationum
919 4190 968 4261 ad
985 4191 1138 4262 deorum
1159 4189 1298 4261 cultum

105 4318 359 4413 pertinentium
387 4321 555 4414 exempla
578 4332 723 4391 exstant
741 4320 840 4414 apud
860 4319 1104 4390 Plutarchum.
1136 4318 1298 4391 Primum
