2834 4964
679 277 726 346 50

156 469 196 538 ln
235 465 311 537 vita
345 462 486 536 Luculli
514 488 544 535 c.
575 487 594 553 3
625 486 713 556 pag.
742 486 815 552 493
843 463 889 533 D.
927 463 975 534 de
1003 461 1255 549 Mithradate,
1280 489 1300 536 a

104 595 264 668 Fimbria
292 593 482 667 obsidione
511 592 651 677 cinct0‚
680 591 826 663 dicitur:
858 597 903 672 εἰς
930 592 1070 693 λαβάς
1097 593 1204 691 ἥκων.

130 725 484 820 Ὑποσκελίζειν,
510 725 765 818 supplantare,
788 747 898 795 sensu
926 720 1135 815 decipiendi
1164 721 1301 794 dictum

107 854 286 951 reperitur
312 878 400 949 pag.
430 859 476 946 65
507 855 554 925 D.

156 986 389 1079 Πάλαισμα,
412 982 559 1078 proprie
583 984 784 1078 artificium
809 984 1028 1053 luctatorum
1052 983 1104 1053 ad
1129 985 1304 1078 supplan·

106 1117 257 1189 tandum
281 1115 532 1185 adversarium
556 1112 787 1208 significans,
808 1111 1058 1207 metaphorice
1073 1080 1149 1207 'pro
1170 1112 1303 1208 quovis

105 1246 237 1319 callido
266 1244 415 1318 consilio
443 1245 661 1317 Plutarchus
688 1258 851 1339 usurpat.
907 1233 967 1316 Sic
995 1244 1120 1315 dolum
1136 1245 1303 1316 bellicum

105 1377 290 1472 significat
312 1375 347 1447 in
368 1375 443 1448 vita
457 1375 581 1448 Sullae
599 1400 628 1447 c.
651 1381 693 1447 18
708 1399 796 1470 pag.
815 1395 886 1466 577
903 1375 963 1459 B.,
990 1372 1025 1444 in
1041 1372 1117 1445 vita
1133 1373 1305 1469 Agesilai

104 1533 134 1580 c.
162 1531 210 1598 39
235 1531 323 1600 pag.
348 1511 422 1578 618
448 1505 486 1578 C.
540 1506 580 1576 In
604 1504 679 1577 vita
693 1504 797 1577 Fabii
813 1504 962 1576 Maximi
977 1529 1008 1578 c.
1027 1525 1044 1596 5
1062 1528 1154 1599 pag.
1177 1511 1252 1594 176
1267 1505 1302 1576 F.

107 1636 294 1709 Hannibal
323 1634 461 1721 dicitur,
491 1634 611 1707 omnia
634 1634 868 1730 imperatoria
896 1634 1090 1730 experiens
1119 1648 1303 1730 stratege-

104 1782 203 1838 mata
242 1782 279 1839 et
320 1764 472 1838 artificia
513 1778 678 1850 tentans,
720 1778 908 1860 tamquam
944 1763 1084 1860 peritus
1120 1764 1302 1850 luctator,

102 1921 285 1992 quaerens
326 1921 486 1991 quanam
529 1895 670 1969 ratione
712 1894 923 1969 adversario
956 1919 1086 1967 manus
1116 1893 1300 1980 inficeret,

105 2026 252 2122 saepius
279 2025 432 2098 Fabium
460 2027 612 2099 adortus
639 2051 721 2099 esse
749 2039 787 2097 et
813 2026 1006 2098 tumultum
1035 2023 1301 2098 concitavisse:

106 2164 123 2229 ὁ
151 2156 321 2258 Ἀννίβας,
358 2157 413 2228 ἐπὶ
448 2165 557 2229 πᾶσαν
595 2159 684 2228 ἰδέαν
721 2164 949 2254 στρατηγικῶν
986 2155 1206 2252 σοφισμάτων
1250 2155 1300 2226 καί

105 2287 345 2381 παλαισμάτων
366 2287 566 2383 τρεπόμενος
586 2285 641 2357 καὶ
654 2287 871 2383 πειρώμενος,
891 2285 1004 2382 ὥσπερ
1020 2286 1125 2363 δεινδς
1145 2282 1300 2380 ἀθλητὴς

106 2416 213 2514 λαβὴν
242 2417 352 2511 ζητῶν
380 2414 584 2513 προςέβαλλε
610 2414 666 2485 καὶ
693 2415 884 2512 διετάραττε
911 2417 966 2485 τδν
983 2411 1132 2512 Φάβιον.
1245 2489 1247 2492 ,

159 2554 252 2646 Pag.
269 2575 341 2642 322
362 2552 408 2621 A.
432 2550 591 2644 populus
606 2551 815 2636 RomanuS,
839 2550 934 2623 vires
958 2551 1138 2622 adversus
1158 2549 1302 2622 futuros

106 2683 232 2754 hostes
259 2680 326 2753 sibi
352 2704 503 2774 parans
528 2697 762 2776 comparatur
791 2706 874 2753 cum
903 2681 1060 2763 athleta,
1092 2704 1234 2774 corpus
1257 2679 1303 2752 ad

106 2812 343 2885 luctationem
371 2809 576 2884 exercenti:
615 2818 631 2884 6
658 2813 760 2910 δῆμος
796 2813 948 2908 καθάπερ
981 2811 1135 2907 ἀθλητὴς
1167 2836 1301 2905 σωμασ-

107 2944 212 3041 κήσας
238 2945 299 3039 τὴν
328 2942 477 3036 δύναμιν.

158 3073 250 3167 Pag.
282 3078 349 3164 561
383 3073 429 3143 A.
457 3072 577 3144 anima
605 3069 734 3142 dicitur
761 3066 949 3140 luctatoris
972 3065 1085 3137 instar
1111 3079 1303 3137 certamen

105 3203 243 3274 habere
273 3228 340 3297 per
367 3201 498 3284 vitam,
523 3216 561 3274 et
584 3199 782 3273 certamine
805 3211 959 3293 peracto
984 3193 1179 3290 consequi,
1200 3196 1303 3290 quod

107 3332 254 3405 meruit:
283 3336 479 3430 ἀγωνίζεται
505 3337 528 3429 ἡ
561 3332 666 3430 ψυχή,
695 3332 808 3428 ὥσπερ
836 3328 1001 3425 ἀθλητής7
1028 3326 1112 3397 κατά
1140 3329 1197 3397 τδν
1221 3327 1302 3428 βίον,

105 3464 185 3536 ὅταν
214 3466 249 3536 δὲ
278 3465 529 3560 διαγωνίσηται,
557 3462 633 3533 τότε
660 3462 813 3558 τυγχάνει
841 3466 907 3530 τῶν
936 3458 1180 3554 προςηκάντων.

152 3599 194 3674 Ἕ
208 3605 385 3699 φεδρος,
422 3598 456 3669 in
486 3598 665 3672 athleticis
693 3596 949 3670 certaminibus
976 3595 1005 3667 is
1035 3591 1097 3688 qui
1124 3607 1304 3686 superato

108 3729 212 3803 alteri
248 3727 419 3801 luctatori
453 3727 636 3809 succedit,
674 3742 714 3798 ut
750 3751 833 3798 cum
869 3725 1008 3797 victore
1044 3722 1208 3793 luctetur
1247 3722 1306 3820 (cf.

109 3861 229 3933 Schol.
259 3859 369 3932 Arist.
398 3859 491 3930 Ran.
523 3880 615 3948 791:
644 3863 660 3928 6
680 3861 878 3955 μαχομένων
899 3863 997 3926 τινῶν
1016 3852 1307 3952 παρακαθήμενος

110 3993 164 4062 καὶ
200 3992 329 4085 μέλλων
367 3998 417 4087 τῷ
452 3990 636 4085 νενικηκότι
674 3984 926 4083 μαχέσασθαι),
968 3983 1068 4077 apud
1108 3981 1306 4055 Romanos

106 4120 294 4213 gladiator
321 4120 512 4188 ternarius
539 4114 615 4186 sive
642 4118 944 4197 succenturiatus,
971 4111 1006 4183 in
1026 4111 1307 4205 comparatione

111 4248 304 4319 adhibetur
330 4273 419 4343 pag.
450 4252 521 4339 556
542 4246 601 4316 E:
630 4246 743 4343 ὥσπερ
771 4245 909 4342 ἔφεδρον
929 4245 1086 4338 ἀνίστημι
1105 4242 1167 4338 τὴν
1192 4244 1309 4315 τελεω

114 4381 207 4449 ταίαν
236 4381 386 4476 ἀπορίαν,
414 4377 488 4448 ἐπεὶ
514 4382 586 4454 ταῖς
612 4374 758 4472 πρώταις
785 4372 999 4470 διηγώνισται
1028 4371 1180 4467 μετρίως.
