2834 4964
670 286 741 335 100

159 471 312 570 Θέρος,
345 474 480 564 mesni,
506 469 541 542 in
570 452 846 565 comparatione
873 470 1008 566 legitur
1035 497 1122 567 pag.
1154 494 1202 564 52
1235 473 1282 542 D.

105 600 168 673 ubi
203 613 329 673 noster
364 601 411 673 de
447 601 640 673 adulatore
676 599 778 673 dicit:
812 603 1036 706 κατακείρεται
1063 601 1127 673 δ’ὁ
1154 603 1282 698 πώγων

104 734 217 830 ώσπερ
258 732 402 830 ἄκαρπον
442 730 560 829 θέρος,
601 730 620 802 i.
648 756 678 803 e.
715 732 834 802 barba
870 730 1073 803 adulatoris
1100 733 1280 803 tondetur

102 861 215 935 veluti
244 858 457 957 infrugifera
485 861 620 933 messis,
676 861 795 953 Quam
823 860 1019 956 imaginem
1048 887 1071 933 a
1097 863 1282 935 Plutarch(

104 1016 125 1064 e
167 991 364 1064 comoediis
403 1005 585 1086 sumptam
626 1016 707 1064 esse
748 1006 855 1087 putat
890 992 1202 1088 Wyttenbachius
1241 993 1282 1092 (cl

104 1121 243 1196 Annot.
271 1121 306 1194 in
334 1123 428 1194 Mor.
456 1122 489 1208 Ι,
516 1147 605 1218 pag.
632 1123 733 1219 443).

103 1401 122 1500 ξ
155 1406 208 1473 18.
253 1400 529 1473 METAPHORAE
556 1423 584 1472 A
610 1425 662 1472 Rs
687 1424 879 1474 Peculium
901 1425 947 1472 ΕΤ
969 1425 1060 1472 vrrA
1082 1425 1282 1474 PAsTounr

609 1555 793 1604 summus.

76 1813 78 1816 >
156 1776 301 1848 Paucas
337 1776 592 1848 tantummodo
628 1766 806 1869 imagines
837 1799 860 1846 a
886 1773 961 1846 vita
988 1774 1165 1868 pastorali
1192 1788 1229 1846 et
1254 1801 1282 1844 ι-

104 1905 279 2003 pecuaria
305 1906 437 1977 ductas
463 1905 576 1977 habet
603 1904 831 1977 Plutarchus.

157 2037 321 2109 Verbum
350 2037 600 2139 βουκολεῖν,
628 2033 775 2129 proprie
803 2037 898 2106 boves
909 2047 1053 2129 pascere
1071 2033 1282 2129 significan.-

103 2171 274 2264 lpag.13
297 2166 339 2236 Ε.
366 2189 476 2237 sensu
503 2164 681 2236 translato
702 2164 909 2259 decipiendi
928 2164 1095 2236 occurrit.
1129 2164 1273 2237 Confer

103 2311 228 2394 potest
267 2294 485 2368 Theocritus
524 2294 596 2381 Xl,
639 2299 706 2380 80,
747 2294 810 2366 ubi
841 2297 1023 2390 ποιμαίνειν
1050 2294 1152 2367 simili
1179 2309 1282 2367 tran:

103 2428 238 2501 latione
258 2426 395 2499 dictum
414 2423 613 2498 invenitur:
632 2428 814 2521 ποιμαίνειν
833 2426 960 2524 ἔρωτα,
979 2424 1104 2497 fallere
1119 2450 1282 2498 amores:

157 2558 353 2631 Vocabula
395 2557 591 2656 βόσκειν,
637 2554 900 2657 βόσκεσθαι,
944 2555 1098 2650 passim,
1144 2571 1185 2628 ut
1224 2556 1282 2628 ia]

104 2690 205 2784 apud
232 2686 454 2782 antiquiores
480 2664 697 2780 scriptoreS,
726 2685 772 2756 de
799 2684 1003 2758 hominibus
1031 2686 1211 2758 dicuntur.

158 2821 340 2915 Ζεῦγος,
374 2814 521 2912 proprie
556 2816 597 2886 de
623 2815 757 2886 duobus
784 2817 886 2887 bobus
914 2817 972 2887 vel
995 2821 1094 2912 equis
1120 2821 1184 2890 snb
1214 2822 1282 2914 ιάἕ

104 2952 301 3022 coniunctis
323 2947 478 3032 dictum,
498 2947 545 3017 de
559 2945 762 3018 hominibus
777 2959 975 3041 usurpatur
988 2945 1022 3017 in
1037 2946 1112 3019 vita
1127 2946 1282 3020 Caesar

105 3105 135 3153 c.
167 3102 185 3173 5
215 3104 303 3176 pag.
335 3100 406 3168 709
435 3078 495 3148 E.:
524 3075 625 3172 ζεύγη
653 3078 870 3175 μονομάχων,
897 3075 932 3147 in
960 3075 1034 3148 vita
1061 3076 1195 3172 Agidis
1222 3103 1250 3150 c.

104 3214 194 3306 pag?
223 3216 295 3301 796
325 3209 382 3299 C,
411 3231 498 3302 pag·
527 3231 573 3298 93
604 3207 646 3277 E·

155 3341 369 3436 Σόζογος,
409 3335 556 3433 proprie
583 3339 646 3408 sub
673 3337 786 3407 eodem
814 3340 896 3432 iugo
923 3335 1154 3431 significans,
1183 3340 1282 3434 *paj

110 3496 164 3543 11,
195 3471 240 3543 A.
282 3468 421 3565 tropice
461 3466 626 3563 ponitur:
669 3468 827 3562 ἐνάμιλλα
863 3468 899 3538 δὲ
934 3467 1058 3546 τούτοις
1091 3470 1144 3540 καὶ
1172 3469 1282 3550 σόζο”

5 3681 8 3689 ,
104 3600 271 3700 Θεόκριτος
299 3602 400 3671 εἶπεν.
519 3570 524 3581 ¹

155 3731 191 3802 A
223 3756 329 3826 grege
364 3729 477 3799 ducta
508 3740 565 3798 est
593 3724 819 3820 comparatio
846 3750 933 3820 pag.
964 3748 1038 3815 329
1063 3725 1106 3807 B.
1161 3727 1282 3821 Age]

102 3886 233 3956 nempe
262 3861 308 3931 de
336 3858 387 3931 rei
413 3856 583 3953 pubhcae
610 3855 746 3938 forma,
776 3879 799 3926 a
817 3857 981 3941 Zenone,
1001 3855 1150 3928 Stoicae
1169 3869 1282 3930 sectz

102 4004 272 4076 auctore,
300 3987 451 4074 tradita,
479 4011 560 4059 eam
589 3987 639 4058 ad
666 4011 777 4057 unum
804 3986 876 4058 hoc
905 4000 1016 4080 caput
1035 3986 1188 4058 tendere
1209 3985 1282 4058 dic

102 4121 338 4202 Plutarchus,
368 4132 408 4190 ut
435 4143 508 4190 non
536 4105 608 4212 per
630 4118 741 4188 urbes
768 4130 806 4187 et
832 4140 954 4211 pagos
980 4115 1207 4202 habitemus,
1227 4112 1282 4188 si:

102 4250 180 4345 guli
205 4249 353 4345 proprio
381 4247 487 4321 nobis
513 4247 590 4320 iure
617 4249 665 4319 ab
685 4246 762 4319 aliis
780 4246 953 4332 distincti,
973 4246 1058 4317 ἀλλὰ
1077 4245 1140 4344 (ita
1158 4235 1282 4342 pergi

103 4380 227 4459 πάντας
254 4379 447 4478 ἀνθρώπους
473 4378 639 4476 ἡγώμεθα
666 4379 812 4475 δημότας
839 4379 891 4448 καλ
919 4378 1074 4472 πολίτας,
1102 4379 1149 4456 εἷς
1168 4378 1205 4448 δὲ
1224 4372 1282 4479 βῦ
