2866 5040
691 248 743 316 m

117 433 277 530 aliquid,
318 446 383 506 aut
409 433 599 528 proposita
626 432 748 528 aliqua
776 431 1005 527 geometrica
1032 432 1227 527 descriptio
1255 447 1319 505 aut

113 563 264 637 libellus
291 576 356 635 aut
383 557 522 635 cithara
541 561 731 659 impediet,
751 562 945 658 quominus
963 561 1018 634 vir
1036 563 1170 635 doctus
1183 561 1319 635 ventris

120 695 267 790 praeda
296 695 370 765 fiat.

176 823 284 896 Viros
310 822 470 918 ignavos
496 823 676 917 praedam
705 821 893 894 mulierum
920 835 1035 894 vocat
1061 846 1149 916 pag.
1181 842 1251 914 753
1270 823 1318 894 F.:

116 953 243 1026 ’ἔλαθον
284 954 452 1048 γενόμενοι
493 955 567 1024 λεία
607 961 776 1049 γυναικῶν.
815 950 867 1023 Cf.
895 951 930 1022 in
958 951 1034 1023 vita
1059 951 1187 1049 Pyrrhi
1210 976 1240 1023 c.
1275 975 1318 1043 19

116 1107 209 1178 pag.
254 1103 327 1175 395
357 1080 428 1152 A.:
470 1081 601 1162 Χάονας
641 1083 694 1152 καί
730 1079 923 1162 Μολοσσοὺς
950 1084 1010 1179 τὴν
1038 1083 1090 1154 ἀεί
1117 1079 1319 1155 Μακεδόνων

119 1215 229 1285 λείαν.

175 1341 212 1413 Α
240 1344 391 1413 vz'ctorz’u
419 1341 641 1435 deprompta
668 1352 724 1411 est
747 1339 964 1433 metaphora
991 1363 1078 1434 pag.
1107 1359 1181 1430 457
1198 1339 1259 1409 [λε
1280 1343 1317 1410 τδ

119 1476 156 1543 ἐν
185 1475 277 1570 ψυχῇ
304 1479 423 1568 στῆσαι
456 1472 538 1542 κατὰ
566 1469 673 1565 θυμοῦ
700 1478 854 1568 τροπαῖον
882 1470 1030 1565 μεγάλης
1058 1469 1126 1540 ἐστί
1152 1470 1205 1539 καί
1232 1495 1318 1564 νικη-

119 1608 214 1698 τικῆς
246 1600 370 1698 ίσχόος.

174 1733 212 1809 'E
222 1765 248 1808 π
259 1765 267 1808 ι
278 1764 298 1808 σ
309 1766 317 1807 ι
327 1764 345 1808 τ
356 1740 367 1807 ί
375 1738 392 1818 ζ
404 1763 420 1808 ε
430 1735 535 1808 σθαι
551 1792 560 1830 ‚
577 1737 774 1830 pabulari,
788 1738 877 1807 cibos
890 1745 924 1806 et
935 1744 1146 1806 contuteutus
1161 1741 1319 1822 auferre,

119 1864 376 1960 metaphorico
413 1889 524 1937 sensu
564 1864 722 1961 positum
763 1864 965 1937 invenimus
1006 1889 1094 1960 pag.
1126 1870 1172 1955 78
1201 1865 1260 1934 E.:
1289 1870 1320 1936 οἱ

121 1996 270 2066 πλεῖστοι
309 2003 375 2075 τοῖς
416 1997 630 2075 διαλεκτικοῖς
674 1995 821 2075 ἐνδόντες
858 1995 957 2075 εὐθὺς
986 1997 1214 2076 ἐπισιτίζονται
1240 1996 1321 2093 πρδς

125 2125 335 2219 σοφιστείαν,
367 2121 386 2194 i.
415 2147 446 2194 e.
475 2121 639 2218 plerique
666 2122 813 2196 interius
841 2148 880 2196 se
908 2122 1100 2196 induentes
1127 2122 1162 2194 in
1190 2122 1322 2195 dialec-

124 2251 235 2324 ticam
263 2277 309 2324 ex
337 2277 382 2324 ea
409 2252 514 2348 quasi
541 2254 765 2347 pabulantur
791 2269 829 2325 et
856 2253 1017 2326 subsidia
1045 2253 1195 2349 capiunt
1222 2252 1322 2326 facti-

128 2382 265 2454 tandae
293 2381 524 2478 sophisticae.

179 2511 239 2584 Sic
266 2536 355 2607 pag.
389 2533 458 2602 127
475 2513 517 2584 Ε.
545 2511 712 2585 homines
739 2514 904 2607 gulosos,
933 2514 1137 2586 reluctante
1166 2539 1323 2609 corpore

126 2656 163 2714 et
190 2643 239 2714 ad
266 2641 426 2738 quietem
462 2644 630 2715 trahente
659 2643 748 2716 cibis
775 2668 815 2716 se
843 2642 1035 2740 implentes
1063 2658 1100 2717 et
1127 2646 1175 2717 ad
1202 2644 1324 2740 propi·

127 2771 293 2867 nationes
328 2773 558 2860 festinantes,
588 2798 672 2845 cum
700 2787 865 2846 metuant
891 2800 937 2846 ne
965 2775 1075 2848 febris
1102 2800 1142 2848 se
1169 2775 1324 2871 impran-

129 2925 188 2974 sos
216 2901 401 2997 corripiat‚
429 2903 648 2976 Plutarchus
668 2918 859 2998 comparat
879 2929 961 2976 cum
981 2905 1119 2978 civibus
1134 2905 1324 2977 obsidione

129 3031 332 3105 imminente
370 3046 579 3105 commeatu
615 3058 655 3106 se
688 3033 969 3109 instruentibus:
997 3032 1078 3108 ἀλλ’
1106 3037 1195 3132 ὅμως
1223 3038 1324 3107 αὐτοῦ

134 3164 302 3260 μονονουχί
337 3169 393 3234 τοῦ
430 3165 583 3258 σώματος
610 3165 838 3243 ἀντιτείνοντος
865 3167 918 3236 καί
945 3174 1179 3244 κατασπῶντος
1208 3166 1262 3236 ἐπί
1288 3168 1325 3236 τδ

135 3290 277 3361 κλινίδιον
314 3291 367 3362 καί
393 3292 455 3387 τὴν
484 3294 627 3389 ἡσυχίαν
654 3296 685 3362 οἱ
713 3293 772 3387 μὲν
799 3295 862 3363 ὑπδ
888 3294 1085 3391 λαιμαργίας
1111 3297 1165 3364 καὶ
1192 3295 1325 3390 φιληδο-

137 3419 200 3497 νίας
228 3419 447 3520 ἐμβάλλουσιν
475 3419 612 3499 ἑαοτοδς
640 3421 694 3491 ἐπί
720 3420 761 3490 τὰ
789 3421 948 3521 βαλανεῖα
974 3423 1028 3493 καί
1055 3421 1248 3492 σπεύδουσιν
1272 3422 1326 3492 ἐπί

135 3545 184 3626 τὰς
211 3548 406 3645 προπόσεις,
435 3546 548 3646 ὥσπερ
567 3551 612 3627 εἰς
631 3549 818 3647 πολιορκίαν
838 3551 1093 3645 ἐπισιτιζόμενοι
1112 3550 1165 3621 καί
1184 3551 1325 3629 δεδιότες

137 3674 176 3770 μὴ
204 3674 324 3772 φθάσῃ
354 3676 552 3776 καταλαβὼν
580 3675 698 3754 αὐτοὺς
726 3680 742 3746 ό
770 3679 908 3775 πυρετδς
935 3680 1137 3776 ἀναρίστους.

180 3812 272 3907 Pag.
316 3818 388 3902 708
421 3813 461 3885 Ε.
502 3812 531 3885 is
567 3812 630 3908 qui
656 3814 705 3884 ab
733 3812 805 3884 alio
833 3814 882 3885 ad
910 3814 1116 3888 convivium
1144 3828 1323 3906 vocatus,

140 3962 258 4014 omnes
298 3929 394 4015 suos
426 3966 552 4014 secum
588 3967 635 4015 eo
659 3942 809 4015 adducit
837 3959 1073 4040 comparatur
1100 3969 1183 4017 cum
1211 3945 1325 4030 duce,

140 4091 179 4143 ex
215 4070 358 4144 hostico
399 4086 643 4144 commeatum
683 4073 841 4169 petenti:
895 4080 912 4146 ό
952 4077 1012 4171 μὲν
1041 4075 1096 4146 οὖν
1125 4074 1325 4170 καλούμενος

141 4197 186 4297 ὑφ’
230 4205 342 4300 ἑτέρου
374 4204 427 4273 καί
454 4205 565 4274 καλῶν
593 4205 741 4301 ἑτέρους7
773 4213 923 4302 πρῶτον,
951 4206 1062 4299 οἶμαι,
1090 4211 1147 4275 τοῦ
1175 4202 1325 4300 πλήθους

141 4330 306 4420 φείδεσθαι
347 4332 468 4410 δίκαιός
508 4334 597 4426 ἐστι,
626 4332 673 4428 μὴ
703 4332 855 4430 καθάπερ
884 4335 921 4403 ἐκ
948 4333 1110 4426 πολεμίας
1137 4337 1218 4427 ὁμοῦ
1245 4339 1326 4402 πᾶσι
