2834 4964
700 174 770 222 120

179 357 416 457 Ἂκαρπος,
455 359 600 430 sterile.
642 359 734 453 Pag.
779 364 826 449 38
869 358 927 432 C.:
970 360 1115 459 ἀκαρπος
1152 361 1244 442 όλως
1283 364 1340 434 καί

133 490 304 590 ἀβλαστὴς
330 491 494 584 διαμένειν
520 491 601 586 πρδς
627 490 760 586 ἀρετήν.
815 488 984 592 Cl'pag.
1019 490 1161 583 135'E„
1182 497 1263 581 316
1286 490 1338 575 C„

136 625 208 712 556
238 619 305 703 D.‚
342 639 381 710 15
413 617 454 688 E.

184 746 459 847 Δρέπεσθαι,
487 748 681 843 decerpere,
710 774 820 822 sensu
840 749 1057 845 colligendi,
1076 750 1225 824 fruendi
1245 752 1341 848 legi-

134 893 193 950 tur
232 903 319 973 pag.
347 902 395 968 43
426 877 483 963 C.‚
513 884 586 969 646
616 877 654 951 C.
709 880 851 952 Eodem
879 905 991 953 sensu
1018 882 1342 980 ἀποδρέπεσθαι

133 1007 290 1082 occurrit
325 1033 413 1103 pag.
457 1030 502 1098 79
530 1009 577 1080 D.
632 1009 730 1082 Dicit
755 1009 805 1082 ibi
831 1009 989 1104 scriptor
1016 1011 1063 1082 de
1090 1008 1131 1082 iis
1160 1010 1227 1105 qui
1256 1012 1342 1085 Pla-

133 1139 227 1212 tonis
254 1152 292 1212 et
318 1139 576 1233 Xenophontis
603 1164 718 1234 opera
745 1141 876 1235 legunt
904 1139 1100 1234 nullaalia
1130 1141 1178 1213 de
1199 1166 1341 1230 causa,

133 1295 243 1364 quam
271 1284 311 1341 ut
338 1268 463 1341 Attica
481 1269 653 1342 munditie
673 1285 710 1342 et
727 1270 937 1366 integritate
956 1269 1130 1343 orationis
1148 1270 1340 1345 fruantur:

100 1388 107 1405 ⁵
133 1403 246 1498 ὥσπερ
274 1402 387 1498 δρόσον
414 1401 467 1471 καὶ
494 1407 589 1496 χνοῦν
618 1402 925 1499 ἀποδρεπομένους,
958 1425 1041 1504 rore
1069 1401 1108 1473 et
1133 1400 1340 1496 lanugine,

134 1554 231 1624 quae
258 1542 342 1601 sunt
369 1528 403 1599 in
431 1528 566 1622 pomis,
595 1529 789 1623 eleganter
807 1529 991 1602 translatis
1011 1531 1060 1602 ad
1079 1529 1342 1626 integritatem

133 1674 170 1732 et
197 1659 428 1731 teneritatem
456 1657 638 1730 orationis.

186 1790 300 1883 *Pag
339 1812 377 1878 9.
397 1789 436 1861 B.
465 1788 623 1874 animus,
651 1788 713 1883 qui
740 1789 937 1863 moderatis
965 1790 1153 1864 laboribus
1182 1793 1339 1880 crescit,

134 1918 247 1991 nimiis
274 1918 458 2001 obruitur,
488 1933 723 2014 eomparatur
741 1945 822 1991 cum
843 1919 1055 2004 arboribus,
1077 1946 1174 2016 quae
1194 1922 1339 1995 medio-

134 2050 255 2124 cribus
295 2049 399 2145 aquis
426 2049 590 2135 aluntur,
618 2049 847 2122 abundantia
874 2075 1053 2145 aquarum
1081 2052 1337 2125 suffocantur:

135 2183 247 2279 ὥσπερ
275 2181 335 2278 γάρ
362 2181 403 2252 τά
430 2181 516 2277 φυτά
542 2189 607 2260 τοῖς
634 2182 694 2276 μὲν
723 2183 862 2279 μετρίοις
889 2179 983 2252 ὕδασι
1010 2184 1187 2279 τρέφεται,
1206 2192 1277 2263 τοῖς
1299 2186 1336 2256 δὲ

133 2313 267 2389 πολλοῖς
303 2312 471 2404 πνίγεται,
504 2313 559 2380 τδν
586 2311 682 2380 αὐτόν
710 2310 828 2406 τρόπον
856 2314 878 2407 ἡ
908 2310 999 2407 ψυχὴ
1026 2318 1093 2389 τοῖς
1120 2311 1180 2407 μὲν
1209 2316 1337 2408 συμμέ-

131 2465 217 2536 τροις
245 2437 376 2518 αόξεται
403 2439 532 2532 πόνοις,
559 2446 625 2517 τοῖς
653 2437 680 2507 δ’
700 2437 943 2538 ὑπερβάλλουσι
971 2438 1175 2537 βαπτίζεται.

186 2564 366 2661 Κιττός,
407 2566 554 2650 hedera,
596 2590 693 2659 quae
733 2589 773 2637 se
815 2564 923 2659 erigit
963 2567 1132 2660 amplexa
1170 2565 1333 2639 validam

134 2699 342 2781 arborem„
361 2695 558 2791 imaginem
594 2696 791 2767 Plutarcho
827 2695 1019 2790 suggessit
1044 2720 1132 2791 pag.
1172 2702 1244 2789 805
1269 2698 1333 2784 E,

134 2826 214 2912 ubi,
256 2842 457 2922 praecepta
498 2825 549 2898 rei
588 2825 756 2920 publicae
794 2827 985 2920 gerendae
1021 2850 1255 2921 proponenS,
1285 2829 1332 2900 de

133 2957 313 3043 Aristide,
350 2958 524 3043 Lucullo,
562 2956 723 3042 Catone,
774 2955 849 3029 aliis
891 2955 975 3029 viris
1026 2955 1207 3029 nobilibus
1262 2957 1331 3030 ait:

52 3157 56 3165 ,
133 3088 255 3159 τούτων
293 3089 448 3182 ἕκαστος,
486 3089 598 3185 ὥσπερ
635 3093 665 3159 οί
696 3089 794 3159 κιττοί
820 3094 886 3166 τοῖς
914 3086 1062 3182 ἰσχύουσι
1088 3095 1155 3157 τῶν
1183 3087 1330 3185 δένδρων

134 3219 408 3314 περιπλεκόμενοι
435 3219 738 3311 συνεξανίστανται,
765 3216 982 3313 προςδραμὼν
1022 3215 1076 3287 καί
1102 3215 1194 3312 ἀνδρί
1230 3242 1331 3314 πρεσ-

135 3346 262 3445 βυτέρῳ
298 3348 346 3418 ἔτι
382 3348 472 3440 νέος,
508 3345 562 3416 καί
599 3346 711 3424 ἄδοξος
738 3345 875 3440 ἐνδόξῳ,
903 3343 986 3414 κατά
1014 3346 1126 3440 μικρδν
1155 3344 1331 3440 αἰρόμενος

135 3477 197 3546 όπδ
224 3482 282 3571 τῆς
309 3475 384 3571 περὶ
411 3477 534 3545 ἐκεῖνον
563 3474 752 3568 δυνάμεως,
792 3473 846 3543 καί
873 3473 1173 3567 συναυξανόμενος,
1212 3471 1331 3569 ἤρεισε

132 3605 186 3675 καὶ
214 3604 450 3701 κατερρίζωσεν
478 3604 592 3673 ἑαυτὸν
622 3605 668 3679 εἰς
696 3601 757 3696 τὴν
785 3602 964 3671 πολιτείαν.

186 3732 275 3803 Item
312 3732 485 3803 hederam
521 3729 555 3800 in
584 3727 859 3823 comparatione
887 3726 1036 3799 adhibet
1063 3751 1152 3822 pag.
1180 3750 1228 3819 45
1260 3727 1330 3799 A.:

135 3863 237 3940 δεινός
274 3865 342 3932 ε’στι
378 3865 394 3931 ό
432 3862 515 3958 ἔρως
550 3859 663 3956 ὥσπερ
699 3859 801 3937 κιττδς
836 3860 932 3929 αὑτὸν
962 3860 998 3928 ἐκ
1024 3858 1136 3954 πάσης
1163 3858 1329 3954 ἀναδῆσαι

133 3992 353 4088 προφάσεως,
380 3987 412 4059 i.
441 4013 471 4060 e.
512 3989 612 4061 valet
651 4011 755 4059 amor
790 3987 951 4058 hederae
988 3985 1101 4058 instar
1128 4010 1167 4058 se
1195 3987 1329 4080 quavis

135 4132 283 4214 arrepta
311 4144 402 4191 ansa
430 4119 626 4214 applicare.

187 4249 250 4320 Ab
291 4248 467 4321 arundine
509 4247 735 4343 comparatio
776 4262 922 4342 sumpta
963 4260 1020 4319 est
1059 4270 1147 4340 pag.
1193 4265 1237 4334 77
1284 4247 1331 4317 A.
