2834 4964
171 105 300 175 matur,
339 91 388 162 ob
424 88 610 161 levitatem
646 89 787 161 suberis
822 88 936 162 instar
971 114 1114 162 sursum
1147 115 1187 162 se
1217 93 1411 170 efferat

171 221 224 292 δεῖ
255 222 291 292 τδ
328 228 426 316 σῶμα
461 221 625 317 διατηρεῖν
661 221 833 314 εὐσταλές,
870 219 980 314 ὅπως,
1017 222 1076 292 κάν
1110 220 1239 317 πιεσθῇ
1265 223 1411 295 πότΞ

170 351 293 446 φελλοῦ
321 350 414 445 δίκην
443 350 505 420 ὑπδ
533 349 735 444 κουφότητος
763 350 983 444 ἀναφέρηται.

225 472 373 574 Ἀλόη,
409 478 493 548 αίοὲ.
546 475 662 548 Alo'e‘s
698 474 775 548 suci
811 475 993 548 acerbitas
1029 476 1294 571 comparationi
1318 477 1411 548 iu:

173 605 285 680 servit
310 631 399 701 pag.
434 630 499 696 141
532 606 590 677 F.:
620 607 672 678 δεῖ
695 607 756 704 γὰρ
784 609 868 677 εῖναι
900 614 961 702 τῆς
989 608 1236 704 οἰκοδεσποίνης
1254 609 1411 679 ὥσπΞ

172 740 259 809 οἴνου
286 738 322 807 τδ
350 737 512 833 αόστηρδν
543 737 710 832 ὠφέλιμον
735 735 789 806 καλ
815 733 890 831 ηδό,
918 735 966 830 μὴ
985 737 1098 832 πικρδν
1119 736 1233 848 ὥοπερ
1253 737 1358 832 ἀλότι
1409 779 1411 786 2

224 866 317 959 Pag.
347 870 419 953 607
441 864 481 935 E.
517 863 552 935 in
589 861 834 959 disputatione
871 864 918 935 de
946 861 1049 934 exilio
1086 861 1172 935 dicit
1207 863 1411 958 philost:

170 995 265 1089 phus
293 993 470 1091 animam,
499 993 583 1089 quia
611 1019 685 1066 non
713 992 972 1079 reminiscatur,
1001 1018 1048 1064 ex
1066 1007 1207 1087 quanto
1227 994 1411 1066 honor?

171 1139 210 1196 et
245 1139 384 1219 quanta
421 1124 598 1197 beatitate
625 1122 905 1218 demigraverit,
944 1124 991 1194 de
1020 1122 1126 1195 coelo
1154 1138 1193 1195 et
1219 1123 1306 1195 luna
1331 1119 1411 1195 ἱ]

173 1269 307 1326 terram
336 1269 373 1326 et
392 1268 600 1327 terrestrem
619 1253 730 1326 vitam
750 1253 929 1337 delatam,
950 1277 1032 1325 cum
1052 1251 1226 1347 exiguum
1246 1253 1411 1326 locurl

172 1383 220 1456 ibi
247 1383 318 1456 alio
334 1384 418 1457 loco
433 1383 645 1468 mutaverit,
661 1408 775 1478 aegre
794 1382 888 1455 ferre
904 1381 1140 1454 mutationem
1161 1408 1339 1478 compara
1351 1391 1411 1450 τ-

173 1539 245 1608 que
273 1539 354 1585 eam
380 1540 463 1587 cum
485 1516 633 1610 planta,
647 1513 884 1586 translatione
899 1512 1007 1584 alium
1023 1512 1057 1584 in
1072 1512 1194 1585 locum
1210 1538 1410 1586 emares-

176 1643 289 1716 centi:
319 1640 382 1714 εἶθ’
400 1648 423 1741 ἡ
443 1646 533 1743 ψυχὴ
562 1645 615 1716 διά
642 1649 679 1716 τδ
706 1646 753 1741 μὴ
782 1643 1000 1740 μνημονεύειν
1032 1645 1090 1737 ,ἐξ
1114 1645 1185 1740 οἵης
1208 1653 1307 1742 τιμῆς
1333 1667 1383 1714 τε

172 1775 227 1846 καλ
263 1775 361 1846 ὅσσου
395 1774 518 1870 μήκεος
552 1773 669 1872 duod
705 1771 933 1869 μεθέστηκεν,
970 1774 1007 1843 οὐ
1033 1771 1188 1870 Σάρδεων
1218 1767 1371 1870 Ἀθήνας

174 1904 248 1974 οὐδὲ
285 1901 451 2001 Κορίνθου
487 1901 622 1999 Λῆμνον
650 1905 673 1998 ἢ
702 1901 844 1999 Σκῦρον,
877 1896 948 1972 ἀλλ’
975 1902 1112 1998 οὐρανοῦ
1140 1902 1194 1971 καλ
1223 1902 1364 1999 σελήνης

174 2039 235 2127 γῆν
269 2032 481 2128 ἀμειψαμένη
515 2031 569 2101 καλ
595 2032 649 2101 τδν
688 2031 741 2101 ἐπὶ
776 2037 836 2126 γῆς
873 2030 960 2129 βίον,
997 2029 1053 2100 ἐάν
1083 2031 1194 2126 μικρδν
1225 2030 1363 2102 ἐνταῦθα

75 2226 77 2235 ,
176 2160 274 2230 τόπον
304 2161 339 2229 ἐκ
367 2159 469 2230 τόπου
496 2159 705 2256 παραλλάξη,
734 2159 975 2254 δυσανασχετεῖ
999 2159 1053 2229 καὶ
1081 2158 1279 2253 ξενοπαθεῖ,
1315 2186 1364 2230 κα-

174 2287 284 2383 θάπερ
312 2288 412 2383 φυτδν
441 2287 573 2382 ἀγεννές
601 2287 907 2384 ἀπομαραινομένη.
964 2285 1024 2358 Sic
1052 2285 1200 2358 codices
1218 2287 1364 2359 habent.

174 2413 353 2509 Displicet
380 2427 502 2487 tamen
532 2413 640 2486 lectio
669 2417 813 2512 ἀγεννές.
869 2416 953 2488 Nec
981 2415 1100 2510 magis
1119 2416 1255 2488 Reiskii
1284 2443 1365 2490 con-

173 2544 313 2617 iectura
329 2547 459 2640 εόγενές
473 2544 605 2638 placet.
641 2543 678 2617 Si
692 2519 792 2616 recte
807 2545 929 2641 locum
948 2545 1134 2641 intellego,
1148 2547 1367 2620 Plutarchus

173 2674 330 2747 animam
367 2689 654 2747 emarescentem
693 2700 765 2746 non
794 2701 877 2748 cum
906 2678 978 2748 vili
1001 2676 1128 2771 planta
1157 2692 1368 2772 comparat,

173 2806 240 2878 sed
266 2803 390 2899 potius
419 2830 502 2877 cum
529 2805 656 2899 planta
684 2830 798 2900 quae,
825 2806 932 2878 alium
960 2806 995 2878 in
1023 2807 1146 2879 locum
1174 2809 1368 2893 translata,

174 2959 341 3007 crescere
369 2948 408 3006 et
445 2936 578 3006 florere
606 2960 678 3007 non
712 2951 854 3030 potest,
891 2938 957 3010 sed
984 2935 1185 3009 emarescit.
1242 2937 1371 3028 Quare

173 3065 374 3159 legendum
402 3089 484 3137 esse
512 3064 679 3159 suspicor
707 3068 806 3162 φυτδν
835 3069 1030 3164 ἀλλογενές,
1058 3066 1077 3138 i.
1097 3093 1127 3138 e.
1150 3067 1279 3162 planta
1301 3068 1372 3141 alio

174 3195 257 3267 loco
286 3193 423 3289 genita.

229 3325 349 3397 Sentes
375 3323 410 3395 in
438 3323 512 3410 via,
541 3339 583 3396 ut
610 3340 737 3399 notum
766 3340 842 3412 est,
861 3325 1013 3399 liberum
1042 3327 1220 3400 incessum
1258 3327 1373 3424 impe-

174 3454 285 3526 diunt
341 3455 452 3527 Unde
480 3454 608 3549 petivit
635 3455 852 3528 Plutarchus
878 3456 1075 3551 imaginem
1103 3483 1190 3553 pag.
1222 3480 1296 3549 709
1319 3461 1374 3546 E,

174 3584 237 3656 ubi
273 3583 359 3657 dicit
395 3585 529 3671 malos,
567 3600 706 3680 quanto
744 3585 863 3681 magis
892 3611 959 3659 nos
986 3588 1266 3682 apprehendere
1295 3603 1372 3660 stu-

174 3715 307 3800 deant,
344 3728 449 3786 tanto
485 3714 605 3809 magis
643 3715 797 3788 sentium
829 3716 942 3788 instar
969 3717 1195 3790 amoliendos
1223 3742 1307 3790 esse
1337 3734 1376 3792 et

173 3843 463 3918 transsiliendos:
492 3847 566 3926 τοὺς
594 3846 806 3944 μοχθηρούς,
834 3847 902 3946 όσιρ
932 3849 1055 3943 μᾶλλον
1089 3847 1373 3948 ἐπιλαμβάνονται

176 3978 273 4071 ἡμῶν
313 3977 367 4046 καὶ
407 3976 665 4071 συμπλέκονται,
705 3975 857 4074 καθάπερ
899 3976 1033 4076 βάτους,
1074 3976 1288 4073 καθαιρετέον
1318 3979 1373 4049 καὶ
