2834 4964
677 258 721 331 52

154 447 271 518 Porro
308 444 603 540 comparationes
638 447 687 517 ab
728 444 871 518 athletis
902 444 1038 540 petitae
1066 445 1304 520 inveniuntur

103 601 191 672 pas·
222 575 348 668 591³,
379 596 449 668 593
471 576 518 647 D·

153 706 215 778 Ad
241 703 415 801 gymnica
443 704 642 777 certamina
669 705 938 777 descendentes
961 718 1086 778 vestes
1104 706 1302 801 deponere

102 837 302 908 luctatores
329 836 507 908 solebant
561 836 673 907 Unde
694 837 945 930 metaphoram
968 835 1124 930 sumpsit
1143 835 1306 931 scriptor·

102 991 189 1062 pag.
218 989 264 1056 94
296 963 354 1049 C„
373 962 436 1036 ubi
453 963 539 1037 dicit
557 963 700 1037 difficile
720 984 801 1038 esse
820 953 924 1038 brevi
942 979 1111 1060 tempore
1132 965 1300 1061 deligere

102 1095 259 1177 amicOS,
310 1107 461 1188 paratos
505 1093 696 1167 nobiscum
731 1120 882 1168 omnem
930 1094 1051 1168 subire
1073 1089 1299 1181 fortunam,

103 1227 204 1322 quod
231 1223 353 1296 verbis
381 1228 428 1303 εἰς
446 1225 560 1320 ἀχιῖινα
578 1223 689 1320 ποίσης
709 1223 814 1320 τύχης
841 1224 1302 1318 συναποδυσομένους

103 1354 297 1450 significat.

156 1487 291 1557 Denuo
327 1484 422 1555 hanc
457 1482 654 1576 imaginem
690 1481 839 1555 adhibet
873 1481 1012 1553 invita
1048 1481 1187 1577 Agidis
1217 1488 1297 1555 σύ

104 1640 191 1711 pag.
236 1635 305 1705 797
335 1614 394 1696 F..
437 1612 499 1685 ubi
538 1611 694 1708 legimus
729 1611 880 1684 iuvenes
915 1610 1035 1684 statim
1073 1626 1111 1683 et
1149 1626 1299 1707 praeter

104 1770 207 1840 spem
244 1741 359 1837 Agidi
393 1741 556 1838 paruisse
589 1755 627 1813 et
654 1743 702 1813 ad
728 1741 897 1814 virtutem
925 1766 1110 1814 unacum
1139 1767 1189 1815 eo
1218 1767 1299 1816 sese

105 1873 322 1948 accinxisse:
360 1879 390 1945 οἱ
426 1874 485 1968 μὲν
522 1875 588 1943 νέοι
625 1873 710 1969 ταχύ
746 1873 800 1944 καί
835 1872 911 1971 παρ’
947 1873 1066 1943 ἐλπίδα
1102 1874 1296 1971 ὑπήκουσαν

105 2009 197 2102 αύτῷ
225 2001 313 2100 (scil.
341 2010 391 2100 τῷ
411 1997 535 2098 Ἄγιδι)
574 2002 628 2072 καί
655 2000 924 2072 συναπεδύσαντο
951 2003 1031 2098 πρδς
1063 2002 1126 2097 τὴν
1160 2003 1291 2102 ἀρετήν.

157 2134 324 2206 Tandem
350 2132 422 2203 huc
449 2129 633 2225 pertinent
664 2129 736 2228 ioci
762 2128 795 2200 in
823 2128 897 2201 vita
925 2129 1188 2203 Demosthenis
1217 2156 1247 2203 c.
1273 2135 1291 2202 6

104 2288 191 2359 pag.
230 2270 303 2354 848
324 2265 389 2334 D.:
431 2260 588 2332 ἀποδύντι
623 2263 703 2357 πρδς
738 2263 776 2330 τδ
803 2261 910 2356 λέγειν
947 2274 984 2331 et
1018 2259 1052 2330 in
1087 2258 1162 2331 vita
1197 2260 1290 2332 Bruti

105 2419 134 2465 c.
170 2416 210 2485 15
241 2417 327 2487 pag.
357 2414 432 2482 990
452 2390 513 2461 E:
542 2388 747 2461 ἀποδύεσθαι
775 2393 821 2468 εἰς
848 2391 1081 2488 ἀγορανομίαν.

155 2531 485 2629 Πεταυρισμύς,
513 2527 710 2598 ambulatio
734 2530 773 2596 ia
796 2525 899 2609 tam,
921 2526 1175 2622 metaphorice
1194 2553 1290 2601 usur-

104 2675 231 2754 patum
271 2657 471 2752 reperimus
510 2680 599 2750 pag.
641 2662 716 2745 498
736 2655 785 2741 C„
821 2656 883 2727 ubi
910 2656 1066 2751 legimus
1093 2657 1291 2742 hominem,

104 2789 165 2886 qui
191 2788 313 2862 varios
339 2788 486 2860 labores
513 2787 674 2881 perferat
700 2787 749 2858 ad
767 2786 976 2882 quampiam
1009 2811 1136 2859 earum
1156 2813 1291 2870 rerum,

104 2945 200 3015 quae
249 2921 361 2991 beare
402 2931 595 3013 putantur,
637 2918 957 3012 consequendam,
990 2918 1168 3012 adeptum
1196 2919 1291 3014 quod

105 3049 335 3134 desiderarit,
364 3049 496 3121 oborta
511 3048 735 3120 ambulando
749 3046 784 3118 in
803 3048 887 3119 fune
910 3048 1081 3119 fortunae
1096 3047 1292 3144 vertigine,

104 3181 302 3253 discessum
330 3206 508 3276 quaerere
536 3194 574 3252 et
600 3181 732 3251 beatos
759 3178 974 3273 praedicare
993 3179 1136 3275 eosqui
1151 3179 1294 3254 obscuri

103 3311 213 3384 vitam
233 3326 368 3405 agant:
397 3315 435 3383 ἀν
456 3312 491 3382 δὲ
510 3310 599 3407 τύχη
617 3312 703 3389 τινδς
731 3313 777 3379 ὧν
805 3309 924 3404 ποθεῖ,
952 3310 1201 3390 σκοτοδινιάσας
1219 3316 1294 3411 πρδς

111 3446 166 3514 τδν
207 3451 267 3538 τῆς
307 3441 412 3537 τύχης
442 3440 685 3537 πεταυρισμύν,
714 3439 876 3540 ἀπόβασιν
910 3440 1007 3535 ζητεῖ
1034 3438 1090 3510 καί
1123 3441 1298 3538 μακαρίζει

104 3571 178 3650 τοδς
210 3572 342 3651 ἀδόξους
370 3570 424 3640 καί
452 3570 612 3663 ἀσφαλῶς
640 3569 777 3647 ζῶντας.

156 3698 294 3771 Passim
321 3695 460 3791 tropice
479 3708 703 3790 usurpantur
722 3695 874 3787 ἆθλος,
893 3705 1090 3779 certamem,
1110 3694 1295 3790 pro'omni

103 3830 250 3914 labore,
286 3855 318 3901 ν.
347 3853 377 3899 c.
409 3832 478 3919 583
502 3826 561 3910 B„
589 3839 627 3897 et
654 3828 811 3919 idion,
832 3830 1039 3918 praemium
1068 3831 1296 3910 certaminis,

103 3984 171 4053 pro
200 3958 296 4030 omni
322 3955 486 4052 praemio
514 3970 551 4027 et
578 3956 758 4040 mercede,
786 3981 818 4027 ν.
834 3980 863 4026 c.
891 3954 926 4025 in
949 3954 1022 4026 vita
1037 3953 1169 4028 Dionis
1193 3981 1225 4028 e.
1252 3979 1294 4049 54

103 4113 189 4183 pag.
219 4095 291 4179 982
318 4089 385 4173 A.,
412 4086 446 4158 in
474 4085 547 4188 vita
574 4085 675 4157 Bruti
703 4110 732 4156 c.
764 4108 809 4174 29
838 4109 925 4179 pag.
955 4107 1028 4175 997
1051 4085 1097 4156 D.

156 4216 426 4320 Βραβεύειν,
470 4220 709 4288 certaminum
749 4216 977 4287 sallemm'am
1019 4217 1171 4287 iadicem
1213 4246 1296 4302 esse,

102 4370 213 4418 sensu
239 4348 416 4419 translato
444 4346 636 4419 adhibetur
662 4345 696 4417 in
723 4345 796 4418 vita
822 4344 1036 4418 Artaxerxis
1069 4370 1099 4417 c.
1131 4370 1174 4417 21
1208 4371 1298 4443 pag.
