2834 4964
106 1263 381 1406 Melaphome
407 1265 450 1375 et
476 1267 815 1410 comparationes
843 1269 895 1381 ab
921 1270 1093 1382 bonine
1120 1275 1307 1417 petitae.

597 1613 802 1620 ———..

82 1920 89 1930 ·
158 1880 239 1951 Rex
265 1879 342 1973 ipse
370 1880 507 1964 mundi,
536 1882 661 1967 homo,
686 1896 764 1955 tota
782 1882 859 1956 eius
877 1883 974 1956 vitae
994 1884 1102 1971 rati0‚
1122 1911 1306 1986 quaeque

106 2034 188 2081 cum
215 2035 261 2082 ea
288 2008 504 2098 cohaerent,
532 2026 645 2095 artes,
676 2038 769 2108 quas
788 2028 956 2098 exercet,
977 2015 1136 2111 denique
1156 2019 1304 2107 omnia,

105 2165 200 2235 quae
241 2142 339 2214 domi
378 2142 538 2238 forisque
579 2143 676 2238 agit,
717 2145 876 2238 amplam
917 2146 1219 2241 metaphorarum
1263 2164 1305 2223 et

105 2271 417 2366 comparationum
445 2273 631 2346 materiem
659 2299 742 2347 cum
770 2274 1050 2370 antiquioribus,
1071 2289 1148 2347 tum
1167 2302 1302 2352 recen·

104 2402 255 2475 tioribus
282 2401 495 2474 auctoribus
522 2404 713 2475 dederunt.

154 2533 372 2606 Plutarchus
412 2558 560 2628 quoque
602 2534 843 2607 creberrimas
885 2536 1121 2629 metaphoras
1162 2538 1213 2609 ab
1252 2564 1302 2612 eo

104 2663 339 2758 deprompsit.
401 2663 558 2736 Primum
606 2664 796 2737 videamus
841 2666 888 2736 de
933 2690 1002 2737 usu
1043 2667 1303 2760 metaphorico

104 2793 328 2889 singularum
357 2795 521 2891 corporis
548 2795 714 2891 partium.

172 3066 190 3164 ξ
224 3091 251 3137 1.
305 3067 585 3139 METAPHORAE
610 3093 637 3140 A
663 3090 842 3140 CORPORE
869 3087 1036 3136 HuuANo
1063 3087 1218 3136 Dumna.

154 3291 193 3370 ln
220 3300 295 3373 vita
323 3299 429 3372 Arati
456 3326 486 3373 c.
517 3325 583 3390 24,
611 3325 699 3395 pag.
733 3305 828 3389 1038
860 3297 899 3370 C.
927 3297 1004 3370 eius
1028 3296 1175 3392 generis
1195 3322 1297 3370 com-

102 3431 243 3524 paratio
271 3431 438 3503 occurrit.
485 3430 583 3503 Dicit
610 3430 657 3502 ibi
675 3430 894 3502 Plutarchus
914 3429 1072 3499 Aratum
1092 3426 1295 3511 censuisse,

103 3563 213 3634 urbes
249 3564 297 3633 ab
325 3561 365 3633 iis
392 3563 521 3648 rebus,
549 3585 645 3656 quae
673 3559 831 3633 foederis
857 3558 1073 3631 societatem
1101 3555 1296 3644 divellant,

103 3690 224 3777 perdi,
261 3691 390 3786 augeri
426 3706 550 3764 autern
586 3690 693 3763 aliam
729 3693 777 3763 ab
815 3689 885 3762 alia
921 3704 959 3761 et
993 3712 1120 3760 omnes
1148 3701 1296 3773 mutu0,

104 3846 186 3892 cum
225 3823 326 3893 velut
358 3847 518 3917 magnae
555 3821 745 3894 cuiusdam
773 3818 1017 3892 universitatis
1043 3831 1169 3912 partes
1197 3841 1296 3888 corn-

104 3950 201 4020 muni
237 3951 431 4023 foveantur
466 3951 635 4037 consiliu,
672 3976 893 4046 comparans
921 3974 986 4024 eas
1014 3973 1097 4021 cum
1125 3946 1296 4019 membris

104 4080 285 4173 corporis,
313 4081 519 4155 viventibus
546 4096 584 4155 et
611 4081 925 4177 conspirantibus,
949 4082 1036 4151 dum
1054 4077 1208 4150 invicem
1227 4076 1294 4148 sibi

105 4209 276 4296 haerent,
304 4211 579 4285 tabescentibus
607 4226 753 4296 contra,
783 4211 811 4285 si
838 4212 1049 4284 avelluntur
1067 4232 1089 4279 a
1109 4206 1240 4280 ceteris
1259 4222 1296 4278 et
