2834 4964
484 1495 946 1602 THESES.

708 2197 733 2272 I.

172 2429 383 2525 Xenophon
422 2429 575 2502 Memor.
612 2431 646 2516 I,
685 2454 726 2521 3,
765 2455 806 2522 3:
844 2432 918 2506 οὔτε
946 2434 1008 2532 γὰρ
1035 2442 1101 2514 τοῖς
1128 2433 1218 2516 θεοῖς
1246 2438 1313 2531 ἔφη

114 2562 233 2640 καλῶς
259 2561 367 2657 ἔχειν,
394 2563 423 2632 εἰ
449 2568 520 2640 ταῖς
550 2561 712 2657 μεγάλαις
740 2561 869 2641 θυσίαις
896 2563 1022 2658 μᾶλλον
1049 2565 1072 2659 ἢ
1097 2571 1167 2643 ταῖς
1186 2571 1316 2662 μικραῖς

115 2691 268 2786 ἔχαιρον·
316 2689 476 2769 πολλάκις
523 2689 585 2787 γὰρ
621 2691 661 2760 ἂν
702 2692 812 2771 αὐτοῖς
847 2691 889 2762 τὰ
926 2692 1017 2789 παρὰ
1053 2698 1120 2764 τῶν
1161 2701 1314 2790 πονηρῶν

116 2818 247 2913 μᾶλλον
272 2818 296 2913 ἢ
323 2817 365 2888 τὰ
392 2817 482 2915 παρὰ
509 2825 576 2889 τῶν
605 2827 763 2916 χρηστῶν
793 2821 876 2890 εἶναι
903 2822 1141 2918 κεχαρισμένα·
1161 2819 1210 2891 οὔ
1216 2819 1243 2892 τ’
1268 2822 1315 2891 ἂν

115 2953 189 3025 τοῖς
220 2943 408 3044 ἀνθρώποις
444 2946 532 3027 ἄξιον
570 2948 653 3017 εἶναι
690 2948 771 3043 ζῆν,
809 2950 837 3018 εἰ
873 2948 914 3019 τὰ
941 2948 1033 3046 παρὰ
1059 2957 1127 3019 τῶν
1159 2957 1315 3047 πονηρῶν

118 3074 247 3168 μᾶλλον
273 3075 315 3171 ἦν
349 3077 575 3174 κεχαρισμένα
602 3083 668 3154 τοῖς
695 3076 785 3155 θεοῖς
812 3078 834 3172 ἢ
863 3076 905 3147 τὰ
931 3077 1023 3175 παρὰ
1050 3085 1118 3148 τῶν
1146 3085 1315 3176 χρηστῶν.

176 3201 298 3297 Lego:
327 3199 411 3277 οὔτ’
437 3203 497 3276 αὖ.

701 3509 741 3581 ΙΙ.

174 3741 384 3836 Xenophon
418 3742 512 3814 Hell.
551 3743 600 3827 II,
630 3767 672 3833 3,
703 3765 770 3832 27:
807 3749 853 3825 ῶς
889 3745 924 3815 δὲ
960 3750 1065 3815 ταῦτα
1101 3744 1239 3840 ἀληθῆ,
1275 3746 1316 3839 ἢν

119 3862 329 3970 κατανοῆτε,
357 3873 516 3970 εὑρήσετε
544 3872 618 3944 οὔτε
646 3876 790 3971 ψέγοντα
818 3873 936 3944 οὐθένα
959 3873 1084 3966 μᾶλλον
1105 3870 1317 3969 θηραμένοος

120 4001 252 4074 τουτουὶ
287 4001 330 4072 τὰ
364 4001 512 4099 παρόντα
548 4001 623 4073 οὔτε
660 4001 932 4096 ἐναντιούμενον,
961 3999 1037 4071 ὅταν
1065 4001 1140 4071 τινὰ
1167 4002 1317 4071 ἐκποδὼν

122 4129 329 4232 βουλώμεθα
355 4128 562 4226 ποιήσασθαι
589 4139 657 4202 τῶν
686 4132 909 4227 δημαγωγῶν.

177 4259 416 4353 Legendum:
446 4266 491 4338 ὡς
518 4260 554 4331 δέ
581 4266 686 4332 ταῦτα
714 4259 844 4357 ἀληθῆ,
872 4258 1044 4355 εὑρήσετε,
1072 4260 1114 4354 ἢν
1134 4266 1318 4354 κατανοῆτε

125 4389 203 4463 οὔτε
230 4392 373 4487 ψέγοντα
400 4419 430 4461 κ.
450 4417 479 4462 τ.
499 4391 529 4460 λ.
