2866 5040
678 257 746 324 124

158 440 271 515 -Viat
297 465 447 536 quoque
474 455 512 512 et
540 444 672 513 vitz'um
699 442 847 512 cultura
875 465 1152 536 nonnumquam
1183 454 1319 514 nostro

114 570 428 667 comparationum
456 596 584 644 ansam
612 573 802 644 dederunt.
837 570 897 644 Sic
923 596 1012 666 pag.
1046 592 1087 663 15
1120 571 1158 642 F.
1190 568 1318 664 poesis

113 727 197 774 cum
225 701 297 775 vite
325 716 568 796 eomparatur.
625 702 724 776 Nam
752 701 781 774 si
808 701 888 774 vitis
910 699 1069 774 silvescit
1096 698 1313 799 (ὑλομανεῖ),

112 830 131 903 i.
147 857 176 904 e.
206 857 272 926 per
299 831 474 904 luxuriem
502 845 539 905 et
553 830 812 905 fecunditatem
841 831 972 927 stirpes
986 830 1155 926 frugibus
1171 854 1312 902 nocen-

113 976 169 1034 tes
210 961 368 1057 profert,
402 963 568 1056 putanda
609 976 683 1048 est,
725 987 799 1034 non
840 961 1097 1035 exscindenda.
1165 961 1311 1032 Eodem

114 1093 225 1167 modo
252 1091 301 1164 ait
328 1091 566 1187 philosophus
586 1091 662 1190 μηδ’
676 1096 775 1189 ἡμεῖς
803 1092 858 1164 οὖν
880 1094 940 1188 τὴν
967 1093 1144 1188 ποιητικὴν
1165 1093 1308 1189 ἡμερίδα

113 1225 334 1317 ἐκκόπτωμεν,
366 1222 450 1315 ἀλλ’,
478 1222 559 1294 ὅπου
588 1223 647 1316 μὲν
676 1224 852 1318 ὑλομανεῖ,
878 1223 914 1292 ιδ
943 1219 1095 1315 μυθῶδες
1124 1221 1228 1317 αὐτῆς
1245 1219 1306 1319 καλ

112 1351 284 1448 θεατρικδν
312 1351 609 1452 ἐπιλαμβανόμενοι
632 1350 832 1446 κολούωμεν.

165 1480 298 1550 lterum
339 1478 467 1573 poesin
496 1502 578 1549 cum
605 1477 686 1549 uite·
707 1491 898 1572 comparat
920 1501 1008 1571 pag.
1036 1480 1081 1547 28
1102 1475 1162 1545 E:
1192 1476 1302 1572 ὥσπερ

113 1611 147 1679 ἐν
175 1610 326 1704 ἀμπέλου
352 1608 487 1704 φύλλοις
505 1610 558 1680 καὶ
576 1610 741 1705 κλήμασιν
767 1606 945 1679 εὐθαλοῦσι
963 1606 1120 1685 πολλάκις
1138 1610 1155 1676 ὁ
1181 1607 1301 1702 καρπός

27 1826 29 1829 .
113 1723 354 1835 ἀποκρύπτεται
393 1739 445 1809 καλ
481 1737 639 1809 λανθάνει
675 1738 990 1832 κατασκιαζόμενος,
1010 1728 1122 1813 Ιούτως
1150 1736 1185 1804 ἐν
1213 1761 1307 1830 ποια,-

112 1873 187 1963 τικι]
217 1868 303 1946 λέξει
330 1867 384 1938 καὶ
411 1865 600 1961 μυθεύμασι
627 1867 896 1963 περικεχυμένοις
922 1864 1030 1935 πολλόι
1058 1862 1228 1960 διαφεύγει
1254 1865 1315 1932 τόν

112 1996 183 2065 νέον
220 1995 374 2090 ὠφέλιμα
410 1994 463 2065 καλ
494 1995 664 2092 χρήσιμα,
691 1992 710 2064 i.
739 2017 769 2065 e.
798 1991 890 2064 sicut
917 1990 1010 2063 inter
1037 1989 1119 2063 vitis
1146 1989 1233 2062 folia
1260 2014 1314 2061 ac

112 2123 280 2218 palmites
308 2123 479 2218 copiosos
498 2148 611 2219 saepe
632 2123 838 2196 occultatur
856 2122 994 2194 fructus
1013 2122 1157 2216 subque
1178 2122 1328 2192 umbra,

113 2254 222 2340 latet,
249 2253 299 2326 ita
325 2253 359 2324 in
389 2254 547 2327 dictione
574 2253 722 2348 poetica
749 2268 786 2325 et
814 2244 1189 2325 fabulis'circumfusis
1209 2275 1326 2323 com-

115 2385 225 2456 moda
253 2384 366 2455 multa
394 2397 431 2455 et
459 2383 556 2460 utilia
583 2385 858 2456 adolescentem
885 2394 1133 2477 praetereunt.

165 2515 257 2608 Pag.
293 2519 362 2604 138
390 2514 431 2585 E.
458 2513 492 2585 in
522 2513 778 2609 coniugalibus
800 2511 1009 2608 praeceptis
1029 2523 1225 2605 comparat
1243 2532 1323 2581 eos

113 2643 175 2738 qui
207 2643 341 2738 primas
369 2643 549 2738 virginum
577 2643 822 2716 dissensiones
850 2667 924 2715 non
952 2641 1130 2715 sustinent
1158 2665 1243 2713 eum
1269 2638 1311 2710 iis

113 2774 174 2868 qui
209 2773 423 2847 immaturae
460 2773 589 2846 offensi
622 2799 717 2846 uvae
745 2798 879 2868 sapore
908 2785 1070 2844 maturas
1098 2770 1176 2843 aliis
1204 2769 1308 2842 relin-

113 2917 243 2998 quunt:
272 2910 303 2976 οἱ
329 2906 364 2976 δὲ
391 2905 448 2985 τὰς
474 2904 607 3003 πρώτας
633 2912 699 2976 τῶν
726 2904 901 3002 παρθένων
929 2903 1087 3000 διαφορὰς
1106 2903 1153 2997 μὴ
1174 2901 1303 2996 ὑπομεί-

112 3061 223 3114 ναντες
259 3036 352 3106 οὐδὲν
384 3036 600 3106 ἀπολείπουσι
627 3041 691 3104 τῶν
719 3033 773 3103 διὰ
799 3035 853 3103 τδν
880 3033 1014 3128 ύμφακα
1041 3032 1102 3126 τὴν
1131 3030 1301 3125 σταφυλὴν

113 3165 234 3259 ἑτέροις
261 3166 478 3260 προϊεμένων.
533 3162 657 3233 Ducta
693 3174 749 3232 est
780 3158 1007 3255 comparatio
1035 3183 1058 3229 a
1085 3155 1299 3252 proverbio:

113 3290 246 3371 Σικελδς
274 3293 501 3388 δμφακίζεται.
557 3290 609 3363 Cf.
637 3291 773 3363 Zenob.
801 3290 843 3376 V,
864 3314 922 3380 34.
961 3288 1122 3383 Diogen.
1137 3286 1229 3372 Vlll,
1251 3309 1299 3378 15.

114 3420 211 3492 Suid.
252 3444 278 3491 s.
319 3446 352 3491 v.
394 3419 545 3501 Σικελύςι
587 3423 785 3519 μετήνεκται
821 3421 847 3490 δ’
875 3421 941 3491 ἀπδ
976 3427 1041 3491 τῶν
1074 3417 1221 3488 Σικελῶν
1249 3416 1302 3496 τὰς

112 3551 280 3654 ἀβρύτους
306 3551 458 3647 ύμφακας
484 3552 698 3622 κλεπτόντων.
751 3548 1006 3621 Aristaenetus
1020 3548 1087 3641 Ep.
1107 3546 1158 3631 ll,
1182 3567 1201 3654 φ
1224 3571 1303 3640 pro·

112 3679 275 3753 verbium
313 3693 464 3773 usurpat
496 3679 543 3750 de
572 3689 737 3753 amatore
765 3677 915 3773 virginis
943 3678 1105 3749 nondum
1134 3676 1300 3756 adultae,

112 3810 212 3888 cuius
248 3810 337 3881 hera
374 3808 406 3880 ei
443 3808 580 3880 obiicit:
614 3808 746 3889 Σικελδς
774 3807 1020 3906 ὀμφακίζεσθαι
1047 3810 1171 3898 δοκεῖς,
1200 3833 1302 3904 παρα-

111 3948 235 4039 τρυγῶν
275 3940 499 4037 παιδισκάριον
540 3939 595 4010 καλ
634 3945 690 4010 τοῦ
731 3939 916 4035 φιλήματος
943 3937 1085 4033 ἀμαθές.
1140 3933 1303 4007 Conferri

112 4094 260 4164 quoque
298 4083 420 4163 potest
461 4067 591 4140 Horat.
634 4065 704 4139 Od.
746 4067 794 4149 Il,
829 4091 868 4158 5,
899 4089 939 4155 9:
973 4065 1060 4138 tolle
1086 4063 1302 4159 cupidinem

3 4189 7 4193 ⁷
111 4198 250 4271 immitis
279 4223 382 4270 uvae.

160 4329 292 4401 Vitium
320 4328 479 4400 cultores
506 4326 676 4421 stirpibus
703 4326 827 4399 vitium
855 4327 1080 4420 pedamenta
1108 4348 1298 4419 apponere
