2834 4964
709 276 727 323 2

117 483 304 542 sermone,
331 456 365 528 in
393 483 467 553 quo
495 458 642 552 saepius
669 458 839 553 propriae
867 460 1142 556 significationis
1175 491 1321 541 memo-

116 587 168 659 ria
209 612 328 681 paene
368 587 484 661 omnis
523 589 689 674 evanuit,
730 603 871 662 tantum
909 592 957 662 ad
986 592 1161 666 orationis
1191 620 1321 690 genus

118 717 236 812 magis
263 716 426 789 minusve
454 719 659 790 ornandum
686 718 852 813 pertinet.

168 849 227 919 De
255 847 590 941 comparationibus
616 847 744 943 igitur,
764 873 860 944 quae
880 875 1016 924 novum
1035 851 1191 948 aliquod
1213 859 1318 954 cogi-

114 977 259 1050 tationis
295 990 518 1049 momentum
554 977 756 1050 sententiae
789 980 949 1066 addunt,
977 1005 1100 1075 pauca
1127 999 1221 1059 ante
1252 988 1319 1062 dis-

114 1134 243 1183 seram.
297 1108 348 1179 Ut
388 1109 437 1178 ab
477 1106 574 1179 initio
614 1107 844 1203 incipiamus,
885 1134 978 1205 epos
1009 1113 1110 1207 quod
1157 1115 1314 1204 dicitur,

114 1241 261 1312 duobus
289 1236 405 1309 modis
433 1236 768 1332 comparationibus
795 1239 914 1311 utitur.
997 1278 1001 1285 ·
1030 1331 1033 1340 ι

166 1367 386 1453 Primum,
423 1391 498 1462 quo
535 1368 751 1462 popularem
787 1393 891 1441 suam
928 1368 1106 1464 originem
1133 1386 1316 1464 testatur,

113 1500 226 1584 facta,
255 1522 351 1594 quae
378 1497 585 1592 simpliciter
613 1513 759 1571 narrata
787 1525 860 1572 non
888 1500 975 1573 satis
1004 1502 1193 1578 auditores
1215 1532 1316 1580 com-

114 1642 323 1714 moverent,
370 1642 408 1700 et
456 1628 735 1701 observationes
775 1631 822 1701 de
862 1633 973 1703 rebus
1014 1631 1315 1728 incorporalibus

115 1761 301 1832 Homerus
337 1758 395 1830 illa
422 1759 595 1844 illustrat,
623 1759 690 1831 has
718 1759 822 1854 quasi
850 1776 1032 1856 corporat.
1066 1762 1127 1835 Sic
1151 1765 1315 1860 legimus

113 1889 147 1960 in
176 1889 309 1986 Odyss.
338 1890 407 1975 IX,
436 1882 508 1980 38'4
538 1914 617 1986 sqq.
645 1891 803 1986 Ulyxem
830 1893 1052 1988 sodalesque
1072 1894 1149 1968 eius
1177 1897 1313 1990 Cyclo-

111 2019 166 2114 pis
219 2020 365 2091 oculum
404 2020 496 2091 sude
537 2034 712 2115 praeusta
752 2025 1027 2109 exterebrasse,
1069 2032 1114 2104 ὡς
1155 2026 1212 2098 ὅτε
1264 2057 1310 2109 τις

110 2158 223 2249 τρυπῷ
249 2151 324 2247 δόρυ
351 2150 441 2245 νήιον
468 2151 551 2247 ἀνὴρ
577 2151 749 2247 τροττοίνῳ7
777 2153 810 2221 οἳ
830 2152 867 2222 δέ
888 2151 1057 2250 τ’ἔνερθεν
1077 2156 1309 2227 ὑποσσείουσιν

112 2280 216 2375 ἱμάντι
257 2279 417 2375 ἁψάμενοι
460 2276 633 2376 ἑνιοίτερθε7
674 2281 710 2350 τὸ
742 2281 778 2350 δὲ
804 2283 913 2378 τρέχει
941 2283 1081 2376 ἐμμενὲς
1109 2283 1171 2352 ἀεί.
1224 2283 1311 2375 Qua

111 2406 385 2503 comparatione
407 2405 525 2500 magis
548 2405 657 2477 etiam
680 2407 936 2480 horrescentes
950 2408 1144 2492 sentimus,
1162 2427 1308 2505 quanto

110 2539 238 2610 dolore
278 2536 336 2608 ille
376 2536 513 2630 agendi
553 2538 684 2609 modus
722 2536 923 2633 Cyclopem
960 2538 1133 2611 affecerit.
1189 2542 1310 2630 Alibi,

109 2669 211 2764 quod
246 2667 290 2739 sit
326 2667 534 2761 exemplum
571 2667 618 2738 de
646 2692 685 2738 re
712 2666 931 2762 incorporali
959 2668 1063 2764 quasi
1090 2689 1309 2763 corporata,

108 2797 318 2893 eloquentia
356 2796 482 2894 Ulyxis
510 2812 746 2891 comparatur
774 2822 857 2869 cum
885 2797 967 2871 nive
995 2801 1127 2871 crebro
1156 2803 1309 2876 cadenti

108 2928 158 3024 (ll.
195 2930 254 3000 Ill.
294 2927 390 3024 222).
459 2927 519 3000 Sic
556 2927 685 3000 nobilis
720 2927 779 2999 illa
814 2927 1014 3023 imaginum
1051 2929 1163 3001 series
1198 2932 1235 3002 ll.
1267 2935 1307 3005 B.

74 3100 76 3104 Δ
107 3084 128 3150 4
137 3083 153 3152 5
162 3065 313 3151 5—480
341 3057 446 3130 nobis
473 3058 647 3153 deinceps
674 3072 760 3130 ante
789 3058 918 3131 oculos
945 3057 1047 3153 ponit
1065 3060 1304 3152 splendorem

105 3214 307 3271 armorum,
338 3188 600 3260 multitudinem
627 3188 943 3274 innumerabilem,
971 3187 1198 3261 alacritatem
1227 3207 1304 3263 stu-

105 3319 278 3414 diumque
327 3318 536 3413 pugnandi,
579 3318 669 3390 aciei
708 3317 981 3391 instructionem
1026 3318 1210 3392 exercitus
1251 3324 1303 3394 ad

106 3474 271 3544 pugnam
299 3447 571 3543 proficiscentis.

156 3579 381 3651 Secundo
409 3603 557 3650 carmen
586 3577 729 3672 epicum
758 3578 1052 3673 comparationes
1080 3579 1232 3651 adhibet
1251 3583 1301 3653 ad

103 3710 354 3781 exornandam
382 3723 495 3804 atque
522 3708 754 3791 variandam,
784 3710 833 3779 ad
852 3711 1174 3804 conspergendam
1190 3711 1299 3805 quasi

102 3838 301 3933 imaginum
344 3838 494 3911 floribus
540 3838 786 3910 narrationem
827 3837 902 3911 sine
939 3838 993 3911 his
1029 3839 1297 3934 languidiorem

102 3982 214 4063 atque
242 3993 317 4040 uno
345 3970 552 4064 eodemque
581 3983 709 4040 tenore
737 3970 1020 4063 procedentem,
1045 3970 1093 4040 ad
1109 3975 1297 4066 μονοτονίαν

101 4099 307 4170 levandam.
361 4098 471 4171 Cuius
511 4123 599 4171 usus
635 4099 842 4193 exemplum
878 4122 1062 4194 ponamus
1099 4099 1135 4169 ll.
1164 4099 1221 4169 ΠΙ.
1255 4124 1294 4186 2,

105 4226 167 4298 ubi
193 4228 351 4323 legimus
377 4227 556 4300 Troianos
584 4228 761 4323 progredi
788 4230 969 4301 adversus
995 4229 1140 4313 hostes,
1159 4252 1295 4322 gruum

105 4356 217 4429 instar
244 4358 454 4431 clamantes.
483 4357 626 4430 Deinde
654 4357 866 4453 adiungitur
892 4356 1059 4430 excursio
1087 4358 1134 4430 de
1157 4382 1293 4451 gruum
