2834 4964
677 316 743 382 133

96 505 251 597 πέλαγος
278 501 399 598 ἀχανὲς
425 503 486 597 τὴν
514 501 609 572 πόλιν
636 502 791 595 ἐμπεσὼν
821 504 837 571 ύ
861 500 936 598 περὶ
964 501 1063 572 αὐτοῦ
1082 502 1188 596 λύγος,
1209 502 1303 573 οὐδὲν

102 635 157 712 εἰς
184 632 280 710 δόξαν
308 629 465 726 ἐπίδηλον
493 631 684 725 πεποίηκεν.
807 598 813 607 ¹

162 760 253 831 Item
281 758 329 829 ad
357 756 466 829 maris
493 755 707 828 infinitatem
734 770 878 852 spectat
904 756 1027 852 imago
1050 781 1138 852 pag.
1156 781 1230 848 399
1247 758 1304 844 Α,

99 888 171 961 ubi
218 902 364 982 tempus
406 911 489 959 eum
534 883 623 957 mari
662 885 801 958 infinito
842 900 1096 982 comparatur:
1146 887 1304 989 Σίβυλλαι

96 1019 131 1090 δ’
154 1020 251 1091 αύται
277 1019 330 1089 καλ
359 1016 500 1096 Βάκιδες
527 1017 640 1114 ὥσπερ
670 1019 717 1096 εἷς
743 1018 860 1088 πόντον
889 1018 1101 1116 ἀτεκμάρτως
1119 1020 1172 1088 τδν
1190 1018 1304 1115 χρόνον

97 1148 291 1249 κατέβαλον
319 1146 374 1217 καὶ
410 1126 598 1242 διέσπειρον
631 1149 676 1223 ὡς
704 1146 802 1241 ἔτυχε
831 1147 1054 1217 παντοδαπῶν
1081 1146 1226 1239 ὀνόματα
1244 1145 1304 1215 καλ

99 1277 247 1375 ῥήματα
274 1275 395 1346 παθῶν
422 1274 476 1344 καὶ
506 1273 770 1368 συμπτωμάτων.

164 1400 337 1497 Denique
373 1402 445 1473 huc
483 1400 714 1473 referendum
750 1414 824 1484 est,
860 1402 961 1495 quod
988 1400 1143 1496 legimus
1169 1400 1203 1497 in
1230 1399 1304 1472 vita

100 1531 255 1604 Aemilii
282 1530 385 1603 Pauli
412 1556 442 1603 c.
476 1552 520 1623 25
550 1554 637 1625 pag.
668 1535 740 1604 268
760 1532 820 1602 E:
848 1536 865 1602 ὁ
892 1532 986 1626 λύγος
1014 1532 1164 1623 καταδύς,
1190 1533 1303 1628 ὥσπερ

99 1667 156 1743 εἰς
185 1664 328 1758 πέλαγος
355 1664 488 1759 ἀχανές,
515 1664 569 1732 τδν
592 1661 726 1759 ἄπειρον
753 1662 863 1757 ύχλον.

163 1790 323 1884 Σάλας,
350 1790 485 1871 salum,
518 1813 629 1861 sensu
657 1787 941 1883 perturbationis
968 1786 1103 1882 passim
1128 1785 1302 1868 occurrit,

100 1920 211 1993 velut
238 1943 326 2014 ρος.
361 1942 429 2009 129
451 1918 517 1994 Α.;
546 1921 666 1998 σάλους
692 1926 749 1991 τοῦ
777 1919 942 2015 σώματος.
984 1918 1023 1988 ln
1051 1917 1124 1990 vita
1151 1915 1305 2011 Pompei

98 2074 140 2121 c.
171 2071 216 2142 53
246 2073 334 2144 pag.
364 2054 437 2140 647
458 2050 504 2120 D.
533 2047 660 2120 civitas
687 2048 902 2142 perturbata
925 2061 1011 2142 post
1024 2047 1135 2135 Iuliae
1151 2060 1304 2118 mortem

104 2192 352 2274 comparatur
387 2203 470 2252 cum
498 2177 588 2249 mari
615 2176 821 2249 fluctuanti:
865 2177 963 2257 εὐθὺς
989 2178 1051 2277 γὰρ
1079 2178 1253 2273 ἐκύμαινεν
1281 2181 1304 2274 ἡ

104 2312 205 2390 πολις
224 2310 280 2381 καλ
298 2310 408 2381 πάντα
426 2310 469 2380 τὰ
487 2308 667 2407 πράγματα
686 2308 786 2379 σάλον
807 2310 908 2405 εἶχεν.
937 2305 988 2380 Cs.
1005 2304 1127 2378 invita
1143 2306 1304 2377 Alexan-

104 2437 165 2510 dri
193 2463 222 2510 c.
259 2461 297 2509 11
330 2461 418 2532 ρος.
447 2442 522 2526 670
541 2437 603 2508 Β..·
638 2438 680 2508 τὰ
706 2438 887 2534 πράγματα
913 2437 1015 2508 πολὺν
1044 2436 1143 2508 σάλον
1164 2438 1304 2533 ἔχοντα,

102 2568 145 2640 in
176 2568 248 2641 vita
276 2567 473 2640 Phocionis
500 2592 530 2639 c.
560 2590 593 2656 3.
621 2590 709 2661 pag.
740 2587 810 2656 743
831 2565 895 2636 A.:
932 2572 993 2662 τῆς
1019 2567 1175 2664 πατρίδος
1201 2566 1303 2636 πολὺν

105 2700 213 2771 σάλον
247 2699 411 2796 ἐχούσης,
449 2697 485 2769 in
518 2695 593 2769 vita
621 2695 766 2769 Galbae
793 2721 824 2768 c.
860 2718 904 2766 10
931 2719 1019 2789 ρος.
1055 2676 1228 2786 1057’Β.;
1270 2699 1305 2766 ἐν

104 2829 207 2925 σάλῳ
244 2831 423 2924 γενομένην
459 2829 520 2924 τὴν
556 2827 746 2919 Γαλατίαν,
782 2826 818 2897 in
846 2825 922 2897 vita
950 2823 1056 2897 Arati
1083 2850 1112 2897 c.
1142 2830 1189 2914 38
1217 2848 1304 2919 ρος.

117 2979 213 3046 1044
235 2956 295 3041 F.,
324 2981 354 3028 c.
381 2979 426 3046 41
460 2980 548 3050 ρος.
582 2961 677 3046 1046
698 2956 744 3053 D.

164 3087 255 3159 Item
296 3088 464 3159 κλύδων
505 3086 539 3157 in
582 3086 798 3181 metaphora
839 3084 995 3158 occurrit
1033 3084 1067 3156 in
1096 3084 1170 3157 vita
1202 3083 1306 3155 Fabii

110 3216 263 3289 Maximi
305 3241 334 3288 e.
382 3222 424 3289 16
466 3241 553 3312 pag.
596 3222 664 3307 183
693 3216 760 3291 D.:
802 3221 836 3288 ἐν
863 3216 1004 3288 κλύδωνι
1030 3224 1090 3314 τῆς
1117 3223 1243 3313 φυγῆς,
1271 3213 1305 3285 in

110 3347 189 3418 vita
217 3346 403 3419 Coriolani
431 3371 471 3455 03
491 3326 537 3437 32
567 3370 654 3443 ρος.
673 3352 745 3419 228
765 3346 824 3416 F.:
853 3350 887 3417 ἐν
914 3345 1054 3418 κλύδωνι
1077 3354 1137 3442 τῆς
1155 3347 1305 3437 πόλεως,

111 3475 148 3547 in
191 3475 266 3548 vita
307 3476 414 3548 Marii
455 3501 485 3548 c.
519 3501 557 3547 11
604 3501 693 3571 ρος.
733 3501 804 3567 411
842 3476 908 3547 D.:
945 3477 1092 3571 πολέμου
1132 3474 1304 3567 κλύδωνα,

109 3605 147 3676 in
175 3606 252 3678 vita
280 3593 425 3679 Galbae
452 3631 483 3678 c.
505 3611 550 3678 26
571 3630 659 3701 ρος.
686 3611 778 3699 1065
796 3605 860 3677 Α.;
889 3591 947 3678 τοῦ
967 3607 1130 3702 proprior),
1150 3602 1304 3701 καθάπερ

110 3739 147 3807 ἐν
184 3736 345 3829 κλύδωνι,
382 3737 476 3835 δεῦρο
512 3737 609 3808 κάκεῖ
638 3738 887 3835 διαφερομένου.
930 3733 980 3808 Cf.
1009 3733 1044 3804 in
1072 3731 1147 3803 vita
1174 3730 1304 3826 Pyrrhi

111 3890 143 3938 c.
183 3888 228 3955 24
266 3888 353 3959 ρος.
390 3886 464 3957 405
504 3865 571 3950 D.,
611 3864 645 3935 in
679 3864 754 3938 vita
781 3864 856 3936 Iulii
885 3863 1053 3938 Caesaris
1081 3887 1111 3953 c.
1141 3885 1186 3952 33
1216 3886 1304 3956 ρος.

115 4016 187 4085 724
208 3994 275 4080 A„
303 3994 338 4066 in
366 3995 443 4066 vita
471 3993 638 4089 Agesilai
665 4019 695 4067 e.
725 4019 769 4086 31
802 4020 889 4090 ρος.
919 4000 990 4084 613
1012 3994 1052 4064 Β.

165 4133 337 4207 Similiter
371 4136 540 4233 χειμών
578 4133 696 4207 multis
731 4134 821 4207 locis
847 4134 987 4229 tropice
1015 4131 1173 4229 positum
1200 4155 1302 4225 repe-

110 4263 211 4337 ritur.
265 4262 325 4336 Sic
365 4288 452 4358 pag.
496 4287 565 4354 129
585 4263 653 4335 A.:
682 4273 852 4362 χειμῶνας
878 4271 935 4336 τοῦ
965 4264 1139 4360 σώματος,
1167 4261 1202 4333 in
1229 4260 1308 4337 vita.

109 4393 220 4466 Arati
247 4419 276 4466 c.
306 4399 354 4485 38
382 4418 470 4489 ρος.
506 4417 598 4484 1044
620 4394 680 4465 F.:
710 4397 744 4465 ἐν
773 4393 921 4490 τοσούτῳ
948 4399 1090 4489 χειμῶνι
1116 4399 1216 4463 τῶντ
