2866 5040
675 249 717 315 81

88 454 221 525 school.
276 452 389 525 Unde
417 449 734 547 comparationem
751 449 883 545 petivit
901 450 1060 546 scriptor
1073 472 1161 546 pag.
1178 474 1224 544 95
1242 453 1294 523 E:

92 584 254 682 καθάπερ
298 583 385 655 πόδα
422 585 507 662 νεὼς
550 582 708 653 ἐνδιδόντι
752 580 808 652 καί
852 582 1046 679 προςάγοντι
1073 590 1146 662 ταῖς
1172 585 1299 681 χρείαις
1349 561 1351 567 ,

59 796 68 807 .
91 714 160 808 τὴν
188 713 314 808 ριλίαν.
369 708 483 782 Simili
505 708 783 805 comparatione
811 730 899 782 usus
926 723 982 782 est
1008 733 1096 804 pag.
1128 716 1201 783 818
1230 710 1297 783 A.:

92 840 357 938 πολιτικώτερον
399 840 512 939 μικρόν
553 839 653 919 ποδός
688 839 835 936 χαλάσαι
871 840 1001 937 μεγάλῃ
1029 840 1172 936 κύματος
1199 842 1299 940 ἀλκῇ.

94 967 151 1042 Cf.
181 966 305 1064 Eurip.
333 966 455 1042 Orest.
487 973 570 1058 706.
598 967 711 1062 Soph.
735 967 863 1062 Antig.
885 973 969 1056 726.
992 967 1100 1041 Arist.
1121 969 1189 1064 Eq.
1208 992 1295 1060 434.

151 1098 371 1193 Metaphora
406 1122 430 1170 a
457 1097 624 1184 navibus,
651 1110 763 1170 vento
792 1092 888 1170 latus
915 1099 1206 1192 praebentibus,
1236 1101 1298 1172 de·
1417 1087 1419 1092 ¹

93 1241 248 1324 sumpta
275 1240 332 1302 est
356 1251 445 1324 pag.
467 1235 513 1301 28
529 1229 599 1300 D.:
636 1228 736 1299 παντί
763 1229 853 1324 λόγῳ
881 1228 1035 1324 πλάγιον,
1063 1229 1176 1328 ὥσπερ
1203 1229 1299 1300 πνεό-

94 1385 197 1455 ματι,
223 1359 422 1456 παραδιδοὺς
450 1360 579 1431 ἑαυτόν.
608 1356 750 1428 Eadem
777 1355 995 1452 metaphora
1023 1357 1184 1429 occurrit
1210 1380 1297 1452 pag.

97 1491 151 1558 66
183 1487 246 1557 B.:
293 1487 496 1589 βλάπτονται
540 1488 601 1585 γὰρ
647 1488 704 1558 οὐκ
744 1485 976 1581 ἐπαινούμενοι
1003 1487 1101 1581 μόνον
1129 1488 1298 1585 ἀκαίρως,

94 1617 186 1688 ἀλλὰ
225 1617 280 1688 καὶ
316 1617 504 1714 ψεγόμενοι·
541 1616 597 1687 καί
628 1621 724 1686 τοῦτο
752 1614 897 1709 μάλιστα
924 1621 991 1693 τοῖς
1018 1615 1147 1695 κόλαξιν
1176 1617 1299 1712 εὐλήπ-

94 1771 174 1824 τους
199 1745 255 1816 καλ
281 1746 440 1839 πλαγίους
465 1745 702 1842 παραδίδωσιν.
753 1741 848 1814 Vide
876 1741 985 1813 etiam
1014 1764 1101 1836 pag.
1133 1749 1204 1831 706
1232 1743 1272 1814 E.

150 1879 305 1976 Propria
338 1878 561 1975 significatio
596 1879 737 1953 obtinet
763 1879 797 1950 in
826 1878 902 1952 vita
928 1879 1182 1953 Themistoclis
1208 1904 1297 1976 pag.

101 2032 174 2100 119
203 2006 244 2083 C.
272 2009 319 2083 de
345 2008 542 2083 Persarum
571 2008 726 2082 navibus
753 2008 788 2080 in
815 2031 946 2104 pugna
971 2008 1188 2095 Salaminia,
1206 2035 1299 2106 quas

96 2144 138 2213 τδ
163 2146 296 2237 πνεῦμα
322 2141 499 2238 παρεδίδου
525 2141 668 2236 πλαγίας
694 2147 761 2219 τοῖς
773 2135 935 2235 Ἕλλησιν
955 2141 1056 2220 ὀξέως
1077 2145 1298 2239 προςφερομέ-

96 2296 174 2348 νοις.
202 2267 255 2341 cf.
292 2267 328 2340 in
364 2267 439 2341 vita
473 2267 603 2364 Pyrrhi
637 2290 726 2363 pag.
765 2291 837 2358 392
876 2268 938 2363 B„
978 2267 1013 2338 in
1042 2267 1119 2340 vita
1145 2269 1296 2340 Antonii

96 2422 188 2493 paa-
216 2419 289 2489 947
319 2399 359 2470 B·

151 2525 306 2627 Οὖρος,
334 2527 483 2626 οὔριον
510 2534 704 2624 πνεῦμα,
731 2540 864 2600 ventus
883 2527 1147 2622 navigantibus
1167 2552 1298 2601 secun·
1355 2528 1357 2534 ’

96 2656 187 2742 dus,
236 2656 272 2728 in
317 2657 535 2752 metaphora
576 2656 736 2729 occurrit
774 2680 863 2752 pag.
905 2663 979 2747 467
1023 2659 1079 2730 E:
1122 2661 1218 2758 ἀλλά
1249 2686 1298 2739 τις

98 2786 295 2883 ἀπήντησεν
323 2789 359 2858 ἐκ
387 2787 545 2889 διαβολῆς
570 2787 593 2882 ἢ
622 2787 960 2892 φθόνουδυσημερία
986 2789 1041 2859 καί
1060 2776 1297 2887 σκορακισμός;

97 2915 157 2986 ἐπί
195 2915 254 2994 τάς
296 2911 432 2994 Μοόσας
468 2913 573 3014 οὔριον
610 2918 647 2986 τδ
681 2922 813 3011 πνεῦμα
853 2918 907 2988 καί
946 2918 1008 3013 τὴν
1049 2913 1297 3013 Ἀκαδήμειαν,

98 3043 215 3142 ὥσπερ
233 3041 406 3138 Πλάτωνι>
424 3044 644 3140 χειμασθέντι
671 3044 747 3143 περί
765 3045 826 3140 τὴν
855 3043 1025 3117 Διονυσίου
1054 3046 1187 3141 ιριλίαν,
1216 3045 1235 3115 i.
1264 3069 1295 3116 e.

97 3169 220 3243 infelix
259 3195 301 3243 es
335 3184 372 3242 et
407 3170 671 3243 contumeliose
700 3172 869 3244 tractaris
895 3198 963 3267 per
990 3173 1210 3245 calumniam
1237 3175 1297 3248 vel

97 3300 298 3373 invidiam?
333 3300 509 3373 Secundo
536 3315 649 3373 vento
677 3300 761 3372 ferri
787 3301 873 3373 licet
900 3304 949 3374 ad
976 3304 1105 3375 Musas
1133 3317 1170 3375 et
1198 3305 1296 3377 Aca-

97 3431 276 3515 demiam,
304 3430 399 3503 sicut
421 3429 584 3514 Platoni,
611 3445 808 3525 postquam
828 3432 1057 3527 naufragium
1073 3434 1158 3506 fecit
1177 3435 1295 3507 amici-

97 3560 172 3634 tiae
199 3584 283 3633 cum
311 3559 498 3657 Dionysio,

152 3699 353 3799 Τροπαία
393 3699 664 3796 πνεύματος,
704 3709 829 3771 uentus
864 3702 1051 3788 adversus,
1079 3702 1114 3773 in
1147 3728 1296 3798 compa·

97 3828 243 3903 ratione
279 3828 459 3925 reperitur
497 3827 531 3899 in
569 3828 645 3902 vita
673 3829 819 3902 Galbae
848 3855 878 3902 c.
910 3837 956 3903 26
984 3857 1071 3927 pag.
1106 3839 1199 3925 1065
1231 3833 1295 3904 A.:

97 3961 321 4062 ἐμβάλλοντος
361 3961 397 4030 δὲ
439 3957 525 4057 (scil.
566 3967 622 4031 τοῦ
663 3958 792 4064 Γάλβα)
830 3965 875 4040 εἰς
910 3963 970 4057 τὴν
1006 3963 1145 4059 ἀγοράν,
1184 3965 1297 4061 ὥσπερ

92 4091 240 4188 τροπαία
274 4089 479 4184 πνεύματος,
517 4090 690 4187 ἀπήντησε
717 4092 816 4187 φήμη
846 4097 972 4187 κρατεῖν
999 4093 1052 4160 τδν
1075 4085 1210 4161 Ὄθωνα
1237 4098 1293 4160 τοῦ

92 4217 352 4318 στρατεύματος.

150 4347 244 4441 Pag.
274 4351 346 4437 663
377 4347 419 4418 E.
444 4345 518 4430 ‚eibi
546 4346 726 4442 cupiditas
755 4359 991 4441 comparatur
1019 4370 1101 4418 cum
1126 4360 1240 4418 vento
1257 4347 1292 4417 in

1199 4474 1215 4522 a
