2834 4964
683 235 731 304 47

162 419 283 501 Ἀλεξ
295 421 397 518 ιράρ
409 448 566 515 μακον,
593 422 812 504 amuletum,
832 419 867 491 in
887 419 1164 515 comparatione
1184 435 1305 494 exstat

107 551 142 623 in
170 550 245 623 vita
273 547 402 621 Dionis
430 573 459 620 c.
488 573 537 639 49
566 574 654 644 pag.
683 556 758 640 980
778 549 836 636 Α.,
855 549 918 622 ubi
940 549 1157 623 Heraclides
1178 551 1308 624 dicitur

108 679 273 754 Gaesula
301 677 405 774 quasi
432 680 595 751 amuleto
623 681 802 753 adversus
829 679 988 754 Dionem
1017 705 1104 754 usus
1133 706 1225 754 esse.
1268 683 1306 753 In

107 808 237 882 Dionis
265 823 303 881 et
329 807 432 880 Bruti
458 833 577 904 comp.
606 834 636 882 c.
664 834 686 900 4
715 836 803 905 pag.
838 834 928 883 1011
963 812 1002 883 B.
1030 811 1187 906 legimus
1216 811 1309 885 Cae-

108 940 199 1013 saris
235 937 393 1034 gloriam
428 938 536 1010 etiam
564 939 696 1012 mortui
723 940 883 1014 erexisse
912 941 1069 1027 amicos,
1096 967 1305 1038 nomenque

108 1069 187 1142 eius
213 1071 331 1154 hunc,
360 1066 421 1163 qui
448 1067 485 1140 id
511 1071 690 1163 gerebat,
717 1069 769 1142 ita
796 1068 989 1158 extulisse,
1017 1084 1060 1142 ut
1085 1097 1192 1166 puer,
1212 1071 1310 1144 omni

108 1224 175 1294 spe
203 1198 415 1284 destitutus
434 1197 555 1271 statim
583 1200 841 1272 Romanorum
869 1200 1007 1295 primus
1035 1201 1243 1286 exsisteret,
1263 1226 1309 1274 eo

108 1329 255 1402 nomine
296 1343 484 1425 tamquam
512 1330 675 1402 amuleto
704 1331 885 1403 adversus
914 1329 1066 1403 Antonii
1093 1330 1308 1404 inimicitiam
1355 1370 1359 1376 ·

108 1474 223 1554 atque
260 1457 463 1554 potentiam
500 1482 606 1530 usus:
648 1464 671 1557 η
708 1461 744 1530 δὲ
772 1457 941 1558 Καίσαρος
971 1461 1048 1541 utta
1074 1463 1127 1533 uui
1153 1463 1309 1539 πεσόντος

109 1589 223 1687 ὤρθου
246 1589 319 1668 τοὺς
348 1590 462 1685 φίλους
489 1590 542 1659 καλ
568 1588 710 1683 τοίίνομα
736 1590 790 1659 τὸν
811 1589 1020 1686 χρησάμενον
1040 1591 1118 1689 ἦρεν
1139 1593 1174 1660 ἐκ
1192 1590 1307 1670 παιδὸς

109 1717 286 1814 ἀμηχάνου
326 1724 455 1815 πρῶτον
497 1716 595 1795 εὐθὺς
635 1719 717 1787 εἶναι
749 1713 944 1811 Ῥωμαίων,
972 1723 1017 1796 ὡς
1045 1719 1308 1816 ἀλεξιφάρμακον

109 1853 206 1917 τοῦτο
233 1849 314 1943 προς
341 1846 401 1941 τὴν
429 1841 601 1915 Ἀντωνίου
628 1845 872 1942 περιαψάμενον
900 1844 1024 1943 ἔχθραν
1051 1847 1103 1917 καὶ
1131 1844 1274 1940 δύναμιν.
1379 1843 1382 1848 ’

167 1973 339 2069 Denique
375 1972 432 2045 hic
471 1964 728 2045 memorandus
761 1986 818 2044 est
844 1973 966 2054 locus,
996 1973 1060 2044 ubi
1086 1974 1309 2046 vocabulum

111 2106 238 2177 πυλαία
265 2128 375 2176 sensu
403 2104 580 2175 translato
609 2101 777 2174 occurrit.
830 2103 897 2174 Est
923 2116 1047 2174 autem
1070 2103 1193 2174 πολαία
1213 2101 1310 2198 (pro-

112 2232 192 2328 prie
220 2239 244 2332 ἡ
271 2236 394 2305 πυλαία
422 2232 586 2331 σύνοδος),
614 2230 713 2328 Pylis
742 2231 1055 2329 Amphictyonum
1083 2245 1308 2313 conventus,

112 2387 189 2458 quo
217 2387 238 2433 e
266 2375 346 2434 tota
374 2360 531 2434 Graecia
559 2361 674 2435 omnis
701 2361 848 2456 generis
875 2361 1058 2447 homines
1086 2375 1127 2433 ut
1146 2386 1311 2447 scurrae,

110 2491 315 2577 institores,
344 2516 384 2564 se
413 2490 580 2564 conferre
608 2492 786 2564 solebant.
837 2493 947 2565 Unde
975 2517 1086 2565 sensu
1103 2493 1273 2563 culluvz'ez'
1289 2515 1312 2562 a

110 2623 314 2694 Plutarcho
342 2634 541 2716 usurpatur
559 2621 594 2693 in
613 2621 688 2694 vita
707 2622 923 2695 Artaxerxis
943 2648 972 2695 c.
1000 2646 1011 2693 1
1037 2647 1124 2718 pag.
1152 2644 1245 2694 1012
1263 2622 1312 2692 A.

112 2750 214 2823 Dicit
240 2750 289 2823 ibi
312 2750 504 2846 probabile
533 2777 606 2824 non
630 2776 728 2838 esse,
756 2751 915 2825 Ctesiam
935 2752 1053 2847 regis,
1073 2753 1176 2847 apud
1198 2775 1308 2845 quem

114 2882 261 2976 agebat
288 2895 326 2953 et
350 2906 460 2976 quern
496 2906 726 2976 uxoremque
754 2881 832 2954 eius
860 2896 898 2954 et
930 2895 1082 2954 matrem
1111 2896 1149 2954 et
1175 2881 1313 2953 liberos

115 3013 293 3097 curabat,
336 3036 469 3083 nomen
502 3009 713 3106 ignorasse,
752 3011 918 3106 quamvis
946 3011 1080 3106 alioqui
1107 3011 1313 3084 fabularum

112 3139 377 3213 incredibilium
392 3154 505 3235 atque
517 3140 730 3213 stolidarum
742 3140 936 3213 colluviem
947 3140 981 3212 in
992 3141 1103 3214 libros
1117 3140 1312 3214 invexerit:

115 3270 204 3342 ἀλλὰ
230 3275 284 3342 τον
312 3268 479 3368 Κτησίαν,
511 3273 617 3341 elueri
643 3272 747 3342 τᾶλλα
784 3269 898 3365 μύθων
932 3270 1102 3341 ἀπιθάνων
1129 3272 1182 3342 καὶ
1209 3297 1313 3368 παρα-

114 3400 227 3495 φόρων
269 3399 474 3499 ἐμβέβληκεν
514 3403 559 3478 εἰς
591 3399 632 3469 τὰ
660 3399 769 3499 βιβλία
805 3399 1018 3494 παντοδαπὴν
1054 3400 1214 3492 πυλαίαν,
1255 3400 1311 3467 οὐκ

72 3511 74 3514 ’
114 3529 201 3606 εἰκάς
242 3529 327 3613 ἐστιν
369 3528 494 3622 ἀγνοεῖν
526 3526 667 3621 τοάνομα
705 3534 760 3597 τοῦ
795 3528 975 3627 βασιλέως,
1002 3526 1079 3625 παρ’
1113 3523 1141 3625 ᾧ
1175 3526 1314 3626 διέτριβε

113 3653 312 3753 θεραπεύων
352 3657 448 3726 αὐτὸν
487 3656 540 3726 καὶ
579 3663 712 3750 γυναῖκα
752 3655 805 3725 καλ
845 3658 973 3752 μητέρα
1009 3656 1061 3726 καί
1096 3656 1234 3748 παῖδας,
1269 3652 1313 3725 cf.

115 3807 208 3878 pag.
238 3788 311 3872 386
340 3783 400 3869 Β.,
431 3807 503 3874 924
534 3784 580 3854 D.

170 3913 247 3984 Iam
275 3926 508 3986 transeamus
535 3913 585 3984 ad
614 3912 869 4006 metaphoraS,
900 3937 993 4006 quas
1017 3937 1040 3983 a
1062 3939 1160 3983 scena
1188 3926 1314 3984 noster

115 4042 330 4137 desumpsit.
381 4043 539 4142 Χορός,
580 4043 726 4128 chorus,
768 4040 908 4136 tropice
950 4041 1107 4136 positum
1155 4042 1314 4114 occurrit

112 4198 205 4269 pag.
222 4178 268 4265 65
296 4171 345 4258 C,
364 4171 427 4244 ubi
439 4170 582 4244 Medius
606 4171 777 4266 princeps
796 4172 1030 4243 adulatorum
1049 4173 1197 4254 turbae,
1215 4197 1312 4267 quae

118 4304 378 4376 Alexandrum
410 4301 604 4396 cingebat,
631 4315 669 4373 'et
704 4300 962 4397 sophistarum.
976 4326 1138 4374 summus
1165 4302 1312 4374 dicitur:
