2866 5040
688 257 731 328 75

107 448 209 543 μιίσει
235 445 406 517 lacunam
434 443 485 516 sic
513 443 657 539 explet:
687 442 792 523 οὕτως
819 446 876 515 οὐκ
904 445 1037 542 ἀρκέσει
1064 445 1196 540 κληδὼν
1224 443 1247 539 ἥ
1276 471 1307 515 τι

108 599 259 666 τοιοῦτον
288 592 452 693 σύμβολον
470 579 588 702 <null
616 593 706 662 αὑτλ·
725 593 837 688 μικρὸν
865 580 945 702 du>
974 590 1029 661 καί
1055 596 1188 686 κοῦφον.
1218 589 1308 660 Hol-

107 722 239 794 werda
267 720 315 820 (in
344 719 634 792 Dissertatione:
665 720 736 813 „de
764 719 855 814 disp.
883 720 984 791 verb.
1006 717 1042 788 in
1060 718 1148 812 ling.
1165 717 1307 804 Graec,
1407 812 1411 820 .

105 851 201 946 ling.
230 851 308 923 Lat.
336 864 373 923 et
400 850 502 945 apud
529 849 643 923 Plut.''
671 849 835 922 Traiecti
863 850 912 921 ad
928 849 1096 921 Rhenum
1111 873 1198 945 pag.
1224 848 1308 944 139)

108 1006 183 1077 pro
209 981 391 1079 ἐφαρμόσει
417 978 546 1074 legere
575 979 688 1052 malit:
722 978 899 1079 ἐφ’ἑαυτῆς
927 993 964 1052 et
989 979 1159 1051 lacunam
1188 979 1309 1075 exple-

108 1124 189 1183 tam
233 1107 400 1202 cogitare
444 1109 578 1192 verbis,
624 1111 747 1204 qualia
793 1110 952 1182 ἀδύνατόν
989 1112 1060 1180 ἐστι
1100 1111 1212 1207 μικρὸν
1249 1110 1308 1203 ὅν,

109 1241 204 1312 dum
231 1237 355 1310 addit:
385 1237 622 1333 „Opponitur
649 1240 762 1334 igitur
788 1240 966 1341 σύμβολον,
995 1237 1096 1330 quod
1123 1236 1230 1309 alicui
1256 1237 1309 1308 rei

106 1369 293 1467 προςῆλθε,
332 1366 384 1457 ei,
413 1368 515 1461 quod
541 1367 588 1440 sit
615 1366 667 1465 ἐφ’
694 1374 828 1465 ἑαυτῆς,
857 1367 1170 1460 quemadmodum
1199 1367 1308 1439 etiam

108 1500 209 1596 ὁλκή,
236 1521 397 1591 quacum
426 1490 670 1594 comparatur,
699 1497 798 1570 aliud
825 1521 942 1591 agere
956 1495 1085 1569 dicitur
1099 1492 1175 1570 καθ’
1189 1498 1307 1592 αὑτὴν,

110 1627 215 1699 aliud
242 1627 303 1698 alii
331 1628 486 1723 ponderi
513 1629 790 1727 προςτιθεμένη.”
844 1627 995 1713 Lectio,
1024 1651 1135 1721 quam
1155 1626 1309 1697 Bernar-

110 1756 219 1851 dakis
246 1757 283 1828 in
307 1757 469 1830 editione
492 1781 560 1830 sua
587 1758 774 1852 proponit:
802 1757 888 1829 οὕτω
906 1759 1055 1856 πταρμλς
1073 1758 1096 1852 ἢ
1116 1757 1309 1852 κληδὼν-

111 1887 278 1987 σύμβολον
321 1889 432 1986 μικρόν
477 1891 547 1959 ἐστι
588 1887 643 1959 καί
678 1894 798 1984 κοῦφον
827 1886 944 1958 minus
972 1885 1102 1980 placet.
1157 1885 1309 1956 Lacuna

112 2013 212 2086 enim
239 2015 275 2086 in
303 2015 493 2089 codicibus
522 2014 639 2087 maior
653 2030 721 2101 est,
748 2040 881 2111 nempe
903 2021 945 2087 16
961 2014 1022 2088 vel
1042 2038 1083 2104 14
1100 2013 1309 2086 litterarum.

167 2143 230 2216 Ad
270 2159 514 2218 mercaturam
554 2145 762 2218 faciendam
796 2149 951 2240 pecunia
979 2169 1073 2240 opus
1100 2157 1178 2229 est,
1206 2144 1309 2216 cuius

114 2274 365 2370 metaphorice
407 2290 606 2370 usurpatae
648 2275 815 2371 exempla
851 2275 938 2348 satis
978 2275 1183 2369 frequentia
1209 2275 1309 2369 apud

118 2404 353 2477 Plutarchum
381 2419 587 2478 occurrunt.

171 2532 231 2607 Sic
250 2537 485 2638 κίβδηλος,
505 2537 783 2632 ὑπόχαλκος,
802 2537 1091 2635 παράσημος,
1115 2534 1309 2619 vocabula,

119 2663 268 2760 proprie
295 2665 342 2736 de
370 2667 528 2735 nummis
554 2663 775 2735 adulterinis
802 2664 908 2747 dicta,
925 2665 1060 2760 passim
1076 2690 1186 2737 sensu
1199 2679 1312 2736 trans-

120 2794 196 2865 lato
240 2793 408 2865 adhibet:
435 2818 524 2888 pag.
552 2817 602 2884 49
631 2793 693 2868 D.:
727 2796 820 2890 φίλος
853 2797 1032 2898 κίβδηλος,
1059 2820 1146 2890 pag.
1176 2800 1222 2886 65
1253 2795 1311 2864 B.:

120 2925 220 3004 κολαξ
248 2925 455 3020 ὑπόχαλκος,
482 2926 591 3018 *pag
618 2947 641 3013 4
664 2922 722 2994 C:
750 2925 939 3022 ἀνθρώποις
964 2923 1199 3023 παρασήμοις,
1225 2948 1313 3018 pag.

122 3057 169 3144 65
203 3052 243 3122 Β.
289 3052 336 3124 de
381 3052 573 3125 adulatore
618 3053 726 3125 dicit:
765 3055 875 3151 φιλίαν
905 3049 957 3124 ὑπ’
985 3055 1085 3125 αὐτοῦ
1112 3055 1312 3152 παράσημον

120 3181 293 3279 γίγνεσθαι
321 3170 434 3281 ὥσπερ
461 3185 616 3279 νόμισμα.
646 3182 697 3255 Cf.
726 3185 835 3278 *pag
870 3207 882 3252 1
916 3182 966 3268 Β.,
997 3203 1044 3274 59
1073 3183 1142 3268 D.,
1165 3183 1311 3275 535F.‚

122 3314 195 3400 823
228 3308 266 3381 C.

172 3437 381 3535 Νόμισμα
406 3441 546 3536 tropice
574 3441 732 3535 positum
760 3442 941 3537 reperitur
954 3466 1041 3537 pag.
1058 3467 1104 3532 93
1122 3444 1179 3515 F.:
1204 3443 1314 3517 εὔνοια

118 3569 176 3640 καλ
203 3568 299 3667 χάρις
325 3564 520 3668 μετ’ἀρετῆς
546 3573 689 3667 νόμισμα
718 3574 828 3669 φιλίας
855 3575 955 3643 ἐστίν.

171 3695 231 3768 De
264 3697 532 3771 examinatione
561 3689 788 3773 numismatis
813 3700 1041 3794 comparatio
1077 3716 1222 3795 sumpta
1257 3715 1313 3772 est

117 3850 209 3922 pag.
237 3849 309 3915 421
340 3827 406 3897 A.:
443 3828 557 3929 ὥσπερ
584 3832 772 3925 νομίσματα
799 3831 908 3911 ξενικὰ
940 3831 1074 3910 τούτους
1099 3831 1174 3910 τοὺς
1200 3832 1316 3926 λόγους
1371 3804 1374 3810 ’

120 3955 324 4051 δοκιμάζειν.
357 3955 408 4028 Cf.
435 3981 523 4051 pag.
551 3980 600 4046 49
617 3957 687 4043 D.,
717 3981 763 4048 94
781 3959 827 4028 D.

169 4084 261 4180 Pag.
291 4091 367 4174 406
382 4087 422 4158 B.
450 4112 539 4160 usus
566 4088 747 4161 sermonis
776 4113 858 4160 cum
874 4089 1098 4161 numismatis
1112 4088 1313 4160 mutatione

116 4228 366 4310 comparatur.
419 4215 524 4288 Sicut
550 4217 622 4289 alio
651 4231 817 4312 tempore
846 4217 946 4290 aliud
974 4218 1154 4291 numisma
1181 4218 1216 4289 in
1245 4243 1314 4290 usu

115 4327 176 4417 est
216 4358 254 4416 et
280 4345 398 4432 valet,
427 4346 476 4418 ita
503 4360 647 4442 tempus
674 4348 762 4434 fuit,
790 4373 873 4420 cum
901 4373 969 4442 pro
997 4348 1213 4421 numismate
1241 4373 1314 4421 ser-
