2866 5040
694 258 761 330 1²5

127 445 266 531 solent,
310 458 348 517 ut
383 444 423 516 iis
459 443 666 540 applicatae
702 443 736 515 in
774 445 887 516 altum
919 469 959 517 se
988 444 1132 539 erigere
1160 459 1197 518 et
1223 459 1323 518 recte

126 574 335 669 germinare
363 573 512 669 possint.
568 573 709 665 Quibus
733 573 933 647 cultoribus
947 574 1104 670 scriptor
1118 579 1227 670 *pag
1243 601 1265 667 4
1284 577 1323 660 C.

126 705 269 777 consert
309 703 508 799 magistros
548 706 689 799 probos
730 704 809 800 qui,
853 718 1041 800 tamquam
1077 706 1324 801 pedamentiS,

126 835 307 908 accuratis
334 833 544 930 praeceptis
571 834 952 930 admonitionibusque
976 836 1231 908 adolescentes
1254 836 1325 909 suf-

128 964 298 1051 fulciunt,
328 979 367 1037 ut
395 989 520 1036 eorem
549 988 670 1036 mores
698 977 799 1037 recte
824 964 909 1036 inde
927 965 1152 1060 germinent:
1171 968 1324 1064 καθάπερ

125 1096 184 1176 τάς
220 1097 369 1194 χάρακας
405 1100 436 1166 οῖ
462 1096 600 1190 γεωργοὶ
635 1102 701 1174 τοῖς
735 1103 847 1190 φυτοῖς
874 1095 1137 1194 παρατιθέασιν,
1166 1095 1268 1176 οὕτως
1295 1101 1327 1167 οἱ

125 1225 257 1320 νόμιμοι
293 1233 358 1294 τῶν
386 1223 591 1294 διδασκάλων
620 1225 777 1319 ἐμμελεῖς
803 1224 861 1303 τάς
889 1223 1064 1322 ὑποθήκας
1090 1226 1146 1296 καὶ
1173 1228 1325 1323 παραινέ-

127 1379 196 1432 σεις
237 1352 511 1449 παραπηγνύουσι
551 1359 617 1432 τοῖς
657 1354 761 1444 νέοις,
802 1351 838 1422 ἵν’
879 1352 964 1450 ὀρθὰ
1004 1353 1126 1424 τούτων
1155 1353 1324 1455 βλαστάνῃ

124 1482 167 1552 τὰ
195 1481 282 1577 ἤδη.

178 1610 270 1703 Pag.
305 1629 346 1701 15
378 1608 416 1679 F.
436 1609 728 1702 mandragoras,
752 1607 852 1680 iuxta
867 1607 960 1680 vites
975 1632 1132 1681 nascens
1146 1629 1325 1714 suamque

125 1739 199 1811 vim
239 1737 436 1834 sopiferam
476 1737 510 1808 in
551 1737 674 1810 vinum
716 1737 943 1824 diffundens,
984 1738 1019 1810 in
1049 1739 1325 1835 comparatione

127 1865 330 1938 adhibetur.
373 1865 569 1938 Confertur
609 1891 742 1962 nempe
770 1867 912 1962 poesis,
942 1868 1085 1942 facilem
1114 1883 1151 1942 et
1179 1884 1325 1964 gratam
1426 1889 1428 1896 ·

129 1995 427 2069 adolescentibus
454 1995 706 2091 philosophiae
724 1997 1001 2093 perceptionem
1020 2002 1220 2096 praebens,
1242 2024 1324 2073 curn

130 2128 381 2221 mandragora
422 2125 610 2211 efficienti,
653 2140 692 2198 ut
727 2127 876 2200 suavius
903 2129 1085 2202 dormiant
1114 2129 1323 2225 qui'vinum

130 2257 318 2329 biberunt:
347 2259 459 2356 ὥσπερ
487 2262 503 2328 ὁ
531 2258 758 2356 μανδραγόρας
784 2252 863 2338 ταῖς
882 2261 1043 2355 ἀμπέλοις
1070 2261 1324 2359 παραφυόμενος

130 2389 182 2459 καῖ
210 2387 372 2466 διαδιδοὺς
398 2388 458 2482 uhu
486 2386 622 2480 δύναμιν
649 2388 695 2464 εἰς
722 2388 777 2456 τδν
797 2389 881 2457 οῖνον
901 2389 1138 2484 μαλακώτερον
1156 2390 1324 2484 ποιεῖτὴν

129 2515 317 2612 καταφορὰν
357 2522 423 2594 τοῖς
462 2517 628 2609 πίνουσιν,
669 2513 754 2585 οὕτω
794 2515 868 2594 τοὺς
907 2517 1022 2611 λόγους
1061 2521 1084 2614 ἡ
1121 2519 1254 2613 ποίησις
1291 2518 1327 2586 ἐκ

129 2646 325 2740 φιλοσοφίας
352 2643 633 2745 ἀναλαμβάνουσα
661 2646 875 2739 μιγνυμένους
902 2647 983 2743 πρδς
1009 2648 1045 2716 τδ
1075 2644 1229 2740 μυθῶδες
1252 2646 1326 2715 έλα-

126 2774 211 2871 φρδιν
239 2774 294 2844 καὶ
320 2773 487 2871 προςφιλῆ
515 2773 656 2868 παρέχει
683 2779 749 2850 τοῖς
777 2773 861 2851 νέοις
888 2774 949 2868 τὴν
978 2772 1137 2869 μάθησιν.

179 2902 268 2973 Non
297 2899 384 2973 satis
412 2901 512 2972 clara
540 2912 625 2972 sunt
651 2901 768 2971 verba
797 2902 1010 2996 μιγνυμένους
1042 2903 1123 3000 πρδς
1149 2903 1185 2971 τδ
1213 2901 1326 2996 μυθῶ-

123 3034 192 3114 δες.
236 3029 427 3103 Sententia
445 3031 627 3126 postulat,
650 3042 691 3101 ut
710 3054 791 3101 cum
811 3028 1006 3124 Xylandro
1024 3027 1324 3124 interpretemur:

120 3161 275 3259 „poesis
302 3186 323 3233 e
351 3155 583 3256 philosophia
611 3159 815 3232 doctrinam
830 3160 1026 3231 desumens
1041 3182 1198 3255 eamque
1222 3158 1325 3231 fabu-

117 3291 167 3365 lis
209 3291 434 3386 permiscens
475 3289 617 3363 facilem
659 3289 735 3363 eius
777 3302 815 3362 et
850 3302 996 3384 gratam
1025 3279 1324 3363 adolescentibus

116 3421 405 3519 perceptionem
442 3422 607 3516 praebet.
662 3420 717 3492 At
751 3419 913 3492 lectione
940 3424 1155 3516 μιγνυμένους
1181 3432 1325 3492 retenta

116 3579 202 3626 non
231 3565 354 3648 patet,
392 3552 493 3647 quod
521 3550 614 3623 ratio
650 3549 816 3646 requirit,
853 3552 901 3622 ab
928 3549 1008 3644 ipsa
1036 3549 1140 3645 poesi
1166 3550 1326 3645 philoso-

115 3683 236 3780 phiae
264 3696 465 3778 praecepta
492 3680 623 3753 fabulis
650 3679 852 3767 admisceri.
885 3680 1080 3752 Vocabulo
1109 3683 1325 3777 μιγνυμένους

117 3828 270 3888 mutato
297 3813 331 3884 in
357 3812 517 3885 activum
546 3814 599 3884 καῖ
627 3819 766 3908 μιγνῦσα
794 3809 916 3882 omnia
940 3823 1040 3882 recte
1069 3834 1109 3882 se
1132 3810 1324 3882 haberent.

120 3946 238 4038 Quae
266 3957 388 4016 tamen
417 3941 569 4014 mutatio
597 3954 654 4013 est
681 3940 768 4014 satis
796 3965 945 4036 magna.
1000 3942 1129 4035 Itaque
1152 3939 1325 4034 probabi-

118 4076 197 4148 lior
226 4073 307 4146 mihi
333 4073 478 4146 videtur
493 4070 707 4144 coniectura
726 4070 889 4143 Larsenii
907 4070 968 4166 qui
986 4069 1020 4142 in
1040 4069 1325 4141 Dissertatione:

132 4173 263 4297 „Stud
292 4202 412 4277 Critic.
440 4201 473 4273 in
503 4201 595 4272 Plut.
624 4199 739 4271 Mor.’'
767 4198 937 4271 Hauniae
968 4204 1061 4288 1889
1090 4221 1177 4292 pag.
1194 4221 1239 4287 33
1256 4222 1325 4291 pro

133 4338 347 4432 μιγνυμένους
386 4331 545 4405 seribere
573 4329 764 4426 proponit:
806 4333 999 4426 μιγνυμένου
1025 4336 1092 4423 νοῦ,
1128 4329 1214 4399 dum
1243 4351 1324 4398 ora·
