2834 4964
676 261 721 328 24

102 457 236 516 matre:
263 445 324 540 τὴν
350 445 521 542 πρόνοιαν,
550 445 663 542 ὥσπερ
690 446 880 540 εὐγνώμονα
908 448 1037 544 μητέρα
1055 447 1107 517 κα1
1127 447 1309 545 χρηστήν,

101 574 208 645 πάντα
234 579 389 646 ποιοῦσαν
416 576 494 669 ημῖν
521 573 574 643 κα1
602 573 838 668 φυλάττουσαν.

159 699 367 799 Ἀδελρή,
394 727 506 772 soror.
552 701 590 771 In
618 699 693 773 vita
711 700 911 795 Pelopidae
931 727 960 774 c.
989 725 1028 792 13
1050 726 1138 796 pag.
1163 707 1243 793 284
1267 703 1307 774 E.

103 830 303 925 Pelopidae
339 829 475 902 Thebis
512 829 693 903 actionem
721 825 886 904 sororem
914 831 1134 929 Thrasybuli
1162 831 1308 905 factia

104 959 257 1033 Graecis
297 960 473 1033 nominari
512 960 615 1033 dicit:
656 961 777 1059 ταύτην
817 965 877 1058 τὴν
917 965 1051 1061 πρᾶξιν,
1079 965 1215 1062 ἀρεταῖς
1247 965 1308 1059 μὲν

103 1093 228 1189 ἀνδρῶν
264 1093 316 1162 καί
342 1090 494 1170 κινδύνοις
521 1093 574 1162 καί
601 1093 706 1187 ἀγῶσι
733 1092 969 1188 παραπλησίαν
995 1098 1039 1188 τῇ
1066 1089 1308 1191 Θρασυβούλου

103 1222 281 1315 γενομένην
316 1221 369 1290 κα1
405 1220 645 1320 βραβευθεῖσαν
673 1222 794 1313 ὁμοίως
822 1221 884 1289 ὑπδ
911 1227 971 1315 τῆς
998 1219 1119 1316 τύχης,
1148 1220 1308 1316 ἀδελφὴν

105 1351 230 1445 ἐκείνης
245 1350 484 1445 προςηγόρευον
499 1344 710 1445 οίἝλληνες.
750 1345 918 1419 Similiter
931 1346 966 1418 in
981 1346 1055 1420 vita
1074 1346 1183 1419 Arati
1199 1372 1233 1420 c.
1262 1353 1307 1422 16

105 1501 192 1571 pag.
210 1499 304 1566 1034
317 1476 363 1546 A.
376 1475 515 1548 Chares
525 1475 711 1570 scripsisse
722 1475 837 1548 fertur
851 1477 901 1548 ad
910 1476 1087 1571 populum
1097 1475 1308 1549 Athenien-

104 1606 214 1690 sium,
250 1631 290 1678 se
325 1605 514 1678 victoriam
551 1605 796 1700 reportavisse
831 1631 996 1679 sororem
1023 1606 1308 1680 Marathoniae:

105 1735 221 1836 Χάρης
255 1736 400 1834 μὲνγὰρ
428 1738 462 1806 ἔν
488 1763 547 1808 τινι
576 1737 670 1833 μάχη
697 1739 778 1834 πρδς
805 1737 878 1816 τοὺς
907 1737 1068 1836 βασιλέως
1097 1738 1308 1835 στρατηγοὺς

106 1866 290 1962 εὐτυχήσας
318 1866 440 1964 ἔγραψε
467 1871 515 1962 τῷ
541 1865 640 1961 δήμῳ
667 1873 732 1935 τῶν
761 1862 969 1961 Ἀθηναίων,
997 1871 1042 1944 ὡς
1061 1867 1225 1961 νενίκηκοι
1245 1874 1308 1963 τῆς

107 1996 140 2063 ἐν
168 1990 354 2091 Μαραθῶνι
383 1994 495 2089 μάχης
523 1993 681 2089 ἀδελφήν.

153 2125 373 2226 Ἔκγονοι,
402 2130 530 2224 proles
564 2131 656 2224 Pag.
684 2136 759 2219 489
789 2127 833 2201 G.
862 2125 1039 2202 malorum
1067 2129 1307 2203 tolerantiam

106 2259 321 2355 progeniem
358 2259 620 2332 moderationis
651 2259 759 2331 animi
786 2273 912 2332 noster
938 2272 1069 2332 vocat:
1098 2261 1306 2341 ἀνεξικακίαν

108 2388 363 2488 μετριοπαθείας
388 2392 526 2485 ἔκγονον.
582 2389 653 2462 Cfr.
681 2389 715 2460 in
739 2389 813 2462 vita
837 2389 1054 2462 Artaxerxis
1083 2414 1112 2461 e.
1144 2413 1190 2479 24
1212 2415 1296 2486 pag

115 2541 208 2608 1024
235 2517 281 2588 A.
310 2520 431 2590 δειλίαν
459 2521 587 2615 ἔκγονον
614 2529 750 2619 τρυφῆς.
970 2503 972 2507 ⁴

158 2645 342 2741 Παῖδες,
370 2651 492 2740 pueri.
542 2649 633 2743 Pag.
670 2672 735 2740 123
766 2650 806 2720 B.
835 2649 1060 2744 Zeuxippum
1089 2663 1304 2722 narrantem

109 2775 216 2870 fingit
243 2776 478 2863 Plutarchus,
516 2777 699 2850 Glaucum
736 2778 916 2850 medicum
944 2779 1120 2862 suadere,
1158 2791 1200 2850 ut
1224 2778 1304 2852 sani

110 2906 228 2991 011105,
256 2907 538 3002 aegrotantibus
566 2908 726 2981 exhiberi
753 2908 898 2994 sohtOS,
926 2933 1113 2981 sumamus
1146 2922 1185 2980 et
1212 2933 1303 3003 gus-

109 3051 237 3122 temus,
266 3062 360 3110 neve
388 3039 623 3134 puerulorum
651 3039 765 3112 instar
792 3038 1028 3111 formidemus
1054 3038 1151 3109 illam
1183 3037 1305 3111 victus

109 3167 305 3239 rationem:
342 3168 507 3240 άπτεσθαι
533 3170 594 3268 γάρ
622 3172 729 3241 αὐτῶν
766 3167 852 3267 (scil.
879 3178 945 3240 τῶν
972 3178 1113 3266 τροφῶν,
1142 3167 1180 3247 ἃς
1207 3196 1305 3266 προς-

110 3300 252 3396 ρέρομεν
278 3307 344 3378 τοῖς
371 3295 541 3394 κάμνουσι)
569 3298 622 3369 διὰ
649 3301 765 3398 χρόνου
792 3294 934 3398 παρηνει
960 3299 1013 3368 καί
1039 3295 1212 3392 γεύεσθαι,
1234 3325 1306 3368 συν-

109 3426 276 3507 εθίζοντας
304 3427 419 3506 αὑτοὺς
447 3430 481 3497 ἐν
508 3435 555 3526 τῷ
582 3430 733 3523 ὑγιαίνειν
758 3430 812 3499 καί
839 3428 886 3523 μὴ
907 3405 1094 3523 ’τρέμοντας
1122 3426 1237 3523 ὥσπερ
1253 3425 1307 3512 ,τά

109 3556 268 3659 παιδάρια
293 3556 379 3653 μηδὲ
408 3563 579 3650 μισοῦντας
602 3558 728 3652 ἐκείνην
750 3558 810 3652 τὴν
824 3557 958 3626 δίαιταν.
986 3552 1046 3625 Sic
1061 3576 1149 3647 pag.
1176 3576 1246 3643 132
1264 3554 1306 3624 E.

110 3685 285 3780 legimus:
327 3688 361 3755 εἴ
394 3712 441 3764 τις
481 3683 632 3782 καθάπερ
661 3690 690 3754 οί
715 3685 835 3762 παῖδες
875 3685 976 3754 δεινδν
1003 3687 1131 3780 ἡγεῖται
1157 3685 1220 3780 πρδ
1249 3691 1307 3755 τοῦ

110 3783 277 3912 πυρέττειν
306 3815 353 3908 μὴ
381 3811 625 3909 παρατίθεσθαι
652 3812 828 3910 τράπεζαν.

164 3943 255 4036 Pag.
285 3962 359 4032 447
384 3940 429 4011 A.
449 3939 534 4012 dicit
552 3939 747 4012 nonnullos
766 3964 847 4012 esse
866 3939 927 4035 qui
947 3938 1184 4023 contendant,
1204 3939 1308 4034 cupi-

112 4071 277 4162 ditatem,
307 4084 462 4155 metum,
500 4069 730 4166 reliquasque
759 4094 887 4141 omnes
914 4068 991 4141 eius
1018 4067 1166 4163 generis
1194 4070 1308 4142 affec-

113 4201 229 4274 tiones
269 4226 405 4297 pravas
441 4226 522 4274 esse
560 4200 749 4296 opiniones
777 4214 890 4296 atque
918 4199 1138 4284 sententias,
1167 4224 1243 4271 non
1271 4199 1307 4271 in

112 4356 185 4403 una
227 4331 348 4428 aliqua
387 4331 529 4405 animae
570 4333 677 4426 parte
718 4332 886 4416 obortaS,
922 4330 990 4402 sed
1032 4342 1216 4401 momenta
1261 4355 1308 4402 ac
