2834 4964
699 185 717 254 7

109 374 146 448 ei
181 388 237 447 est
267 373 438 469 propria,
468 373 653 446 cohaeret.
708 371 819 444 Cuius
846 370 920 444 vitii
946 384 983 443 et
1011 370 1089 466 ipse
1121 371 1187 445 sibi
1218 398 1304 445 con·

109 505 208 578 scius
235 503 344 576 fuisse
371 503 524 576 videtur.
578 503 617 573 ln
645 501 720 575 vita
748 501 842 573 enim
866 501 1012 574 Solonis
1036 526 1066 573 c.
1094 523 1125 592 7.
1148 502 1304 596 philoso-

108 634 241 729 phicae
283 632 489 706 excursioni
529 633 576 704 de
616 630 826 703 narratione
863 632 1025 726 quadam
1063 631 1228 717 Solonis,
1268 632 1303 704 in
1379 704 1382 711 ,

110 764 232 859 capite
260 777 365 836 sexto
394 762 580 857 exposita,
609 761 866 857 simplicissime
885 760 1004 833 addit:
1033 763 1086 833 καὶ
1108 769 1210 834 ταῦτα
1226 767 1304 858 μέν,

111 901 158 974 ὡς
187 898 220 965 ἐν
246 903 294 991 τῷ
321 895 474 991 παρόντι7
501 895 636 964 πλείονα
662 901 728 962 τῶν
757 897 883 964 ἱκανῶν.

163 1023 240 1095 Sed
279 1034 429 1116 praeter
478 1020 621 1093 nimiam
657 1020 919 1092 abundantiam
957 1021 1065 1093 etiam
1102 1021 1177 1094 aliis
1213 1021 1304 1094 vitiis

108 1154 281 1225 laborant
307 1151 384 1223 eius
412 1150 717 1245 comparationes.
771 1150 865 1222 Sunt
892 1152 1088 1223 nonnullae
1116 1153 1165 1224 ab
1193 1175 1304 1246 argu-

109 1295 234 1354 mento
274 1282 385 1376 plane
421 1279 581 1363 alienae,
621 1281 680 1353 vel
712 1294 968 1375 exaggeratae
995 1282 1056 1353 vel
1082 1281 1228 1376 ineptae
1243 1282 1304 1353 vel

113 1414 317 1496 obscurae,
369 1411 680 1505 quemadmodum
729 1409 802 1481 iam
851 1410 1074 1483 ostendimus
1111 1424 1176 1482 aut
1215 1410 1306 1482 infra

110 1541 261 1614 uberius
289 1541 534 1613 ostendemus.

163 1671 403 1766 Metaphoras
431 1684 469 1742 et
496 1669 810 1764 comparationes,
838 1695 932 1766 quas
955 1670 1038 1742 mihi
1056 1673 1303 1743 recensendas

110 1801 423 1896 explicandasque
450 1799 642 1895 proposui,
670 1801 884 1895 praesertim
913 1826 960 1872 ex
987 1801 1160 1896 operibus
1187 1825 1304 1873 mora-

107 1931 203 2003 libus
240 1931 351 2025 petivi
386 1930 420 2002 in
457 1930 571 2026 iisque
608 1930 834 2025 exponendis
861 1944 1010 2005 secutus
1038 1956 1116 2003 sum
1145 1932 1327 2003 eandem.

108 2060 402 2156 dispositionem,
439 2085 549 2156 quam
588 2061 634 2131 Ι-Ι.
672 2061 844 2133 Bliimner
877 2061 911 2133 in
948 2062 1060 2153 libr0‚
1093 2061 1154 2158 qui
1180 2061 1302 2133 inscri-

107 2190 227 2264 bitur:
268 2190 422 2263 Studien
464 2217 528 2262 zur
565 2190 786 2264 Geschichte
814 2193 880 2265 der
904 2192 1098 2287 Metapher
1124 2191 1170 2263 im
1200 2190 1302 2263 Grie-
1413 2213 1415 2218 ·

112 2321 302 2407 chischen‚
322 2320 476 2416 Leipzig
510 2326 615 2411 1891.

160 2451 263 2524 Prior
298 2451 410 2546 igitur
441 2476 529 2546 pars
557 2450 757 2524 continebit
785 2453 1020 2547 metaphoras
1047 2465 1085 2524 et
1112 2476 1303 2546 compara-

103 2581 223 2654 tiones
259 2584 309 2653 ab
344 2580 489 2653 homine
527 2581 679 2677 eiusque
707 2581 804 2654 vitae
839 2581 980 2654 ratione
1007 2582 1159 2676 petitaS,
1186 2583 1301 2654 altera

106 2736 195 2807 pars
223 2712 489 2807 complectetur
516 2736 599 2798 eas,
627 2736 724 2808 quae
752 2726 837 2784 sunt
864 2736 886 2783 a
915 2726 1047 2785 natura
1074 2714 1301 2807 desumptae.

107 2841 271 2933 Quarum
320 2841 356 2913 in
402 2841 621 2914 tractatione
672 2842 907 2937 metaphoras
947 2842 1143 2915 identidem
1184 2842 1300 2937 primo

108 2972 194 3043 loco
221 2995 368 3066 ponam.

161 3102 246 3173 Non
287 3101 393 3174 huius
433 3101 505 3174 loci
549 3126 631 3174 esse
672 3101 800 3196 putavi
832 3101 950 3174 multis
977 3101 1100 3175 verbis
1126 3103 1226 3198 loqui
1253 3104 1300 3174 de

108 3230 342 3326 quaestione,
388 3256 485 3327 quae
536 3256 651 3326 opera
697 3231 767 3304 sint
807 3231 987 3327 genuina,
1028 3257 1125 3328 quae
1166 3232 1299 3326 spuria.

107 3360 205 3434 Satis
244 3361 356 3433 habui
396 3363 519 3447 locos,
561 3388 607 3433 ex
648 3360 776 3457 spuriis
811 3376 876 3434 aut
908 3362 1025 3435 dubiis
1053 3363 1131 3435 eius
1158 3362 1301 3457 scriptis

105 3489 295 3581 laudatoS‚
339 3491 515 3564 asterisco
557 3505 698 3564 notare.
752 3494 862 3564 Plura
898 3493 968 3564 hac
1003 3494 1050 3565 de
1078 3519 1118 3565 re
1150 3492 1300 3565 inveniri

107 3637 262 3716 possunt
310 3621 344 3693 in
395 3621 487 3694 libro
544 3623 587 3693 R.
637 3623 944 3709 Volkmanni‚
968 3622 1030 3718 qui
1079 3623 1299 3695 inscribitur:

106 3751 253 3836 Leben‚
283 3751 463 3825 Schriften
492 3753 567 3823 und
594 3751 825 3846 Philosophie
849 3755 916 3825 des
938 3754 1131 3841 Plutarch,
1159 3753 1299 3839 Berlin,

106 3880 283 3977 Cabary,
340 3887 451 3972 1869;
508 3881 542 3952 in
596 3883 655 3954 W.
705 3882 906 3955 Christii
961 3883 1182 3956 Geschichte
1234 3884 1301 3955 der

107 4011 340 4084 Grieehische
377 4011 576 4084 Litteratur
612 4036 700 4106 pag.
728 4018 951 4106 485-495;
979 4013 1033 4085 in:
1064 4015 1300 4104 „Handbuch

105 4143 171 4212 der
199 4141 427 4214 Classischen
455 4141 902 4215 Altertumswissenschaf
915 4144 933 4174 '’
963 4143 1074 4216 edidit
1106 4146 1170 4215 Dr.
1200 4145 1297 4217 lwan

107 4271 254 4354 Muller,
284 4272 515 4366 Ndrdlingen
551 4277 655 4363 1889.
