2834 4964
670 223 736 292 105

32 416 267 489 libertate
294 405 522 480 abstineant:
560 408 719 506 ἄνανδρόν
748 411 835 480 ἐστιν
862 412 896 479 ἐν
923 417 973 506 τῷ
999 411 1118 507 νήφειν
1147 413 1297 510 ἀπαρρη-

38 546 231 616 σίαστον
267 538 347 609 ὄντα
382 534 671 636 παρρησιάζεσθαι
706 537 798 634 παρὰ
833 537 998 635 τράπεζαν
1028 540 1142 638 ὥσπερ
1172 545 1202 611 οἱ
1231 542 1294 612 δει-

42 671 132 745 λοὶ
176 666 283 746 κύνες.

134 796 212 867 De
230 821 332 880 cane,
350 790 503 866 libidinis
520 791 695 887 imagine,
715 791 799 864 vide
814 816 926 887 supra
940 795 1010 866 sub
1025 791 1120 866 voce
1140 797 1295 895 τράγος.

124 921 318 1019 Ἵππος,
353 949 482 1018 equus,
518 921 552 993 in
589 921 864 1016 comparatione
897 924 1057 997 occurrit
1083 949 1170 1020 pag.
1216 931 1289 1015 338

47 1057 143 1140 C.,
204 1051 268 1125 ubi
316 1051 472 1148 scriptor
511 1065 708 1147 tyrannos,
745 1051 834 1125 alias
874 1077 986 1148 super
1021 1053 1110 1126 alias
1154 1078 1290 1126 uxores

50 1187 298 1270 ducentes,
340 1206 520 1278 equorum
560 1180 673 1254 instar
711 1181 746 1253 in
788 1182 975 1256 mulierum
1012 1183 1184 1257 armentis
1212 1208 1296 1279 pro-

53 1314 237 1388 miscue
274 1312 413 1386 versari
451 1310 553 1384 dicit:
595 1313 708 1412 ὥσπερ
745 1315 779 1383 ἐν
816 1315 950 1410 ἀγέλαις
978 1323 1142 1411 γυναικῶν
1172 1316 1294 1410 ἀνέδην

52 1446 375 1544 διημερευόντων.

139 1572 387 1672 Φρόαγμα,
401 1571 584 1665 fremitus
610 1596 797 1665 equorum,
818 1594 887 1665 pro
907 1569 1144 1665 arroganda,-
1159 1569 1296 1643 ferocia

62 1714 301 1797 usurpatur
327 1701 437 1796 *paga
471 1724 483 1770 1
518 1699 574 1774 C.:
603 1701 813 1800 φρυάγματος
840 1702 1089 1796 ἐμπίμπλανται
1116 1702 1169 1772 καλ
1197 1728 1296 1797 μεγα-

63 1832 242 1929 λαυχίας
277 1836 310 1902 οἱ
343 1832 468 1927 γονέων
505 1830 690 1926 διασήμων.
744 1827 794 1902 Cf.
832 1852 919 1922 pag.
960 1848 1031 1920 754
1072 1827 1129 1910 C,
1159 1828 1223 1901 ubi
1249 1828 1299 1902 ait

72 1959 341 2054 philosophus
363 1956 515 2030 iuvenes
542 1956 604 2029 vix
622 1958 737 2053 longo
757 1958 931 2055 temporis
950 1960 1110 2031 decursu
1125 1959 1299 2031 ferociam

75 2086 358 2185 libidinemque
385 2111 538 2160 exuere:
566 2091 659 2184 μολις
687 2091 721 2159 ἐν
748 2091 859 2188 χρόνῳ
885 2091 1002 2187 πολλῷ
1015 2092 1051 2160 τδ
1067 2089 1224 2187 φρύαγμα
1244 2091 1298 2162 καλ

85 2219 158 2314 τἠν
191 2219 279 2323 ὕβριν
308 2221 455 2316 ἀφιᾶσιν.
497 2217 557 2288 De
581 2215 726 2312 reliquis
752 2216 972 2312 imaginibus
990 2219 1039 2289 ab
1059 2216 1161 2312 equis
1180 2217 1298 2291 ductis

92 2344 189 2422 vide
215 2349 233 2448 ξ
263 2369 282 2438 7
311 2372 399 2442 pag·
430 2370 476 2437 34
506 2370 585 2442 sqq.

145 2479 331 2577 Λαγωοί,
362 2477 510 2572 lepores,
538 2475 705 2571 scriptori
730 2476 1012 2571 comparationis
1039 2502 1167 2550 ansam
1186 2445 1297 2550 dede-

93 2623 187 2680 runt
210 2607 244 2680 in
271 2607 347 2681 vita
375 2605 482 2680 Arati
509 2631 539 2678 c.
571 2612 617 2678 26
647 2631 734 2702 pag.
769 2629 863 2697 1039
892 2609 951 2690 B„
977 2606 1040 2679 ubi
1058 2622 1297 2704 tyrannorum

94 2757 240 2829 paucos
266 2739 436 2833 leporum
463 2735 576 2809 instar
603 2735 801 2809 violentam
828 2751 981 2810 mortem
1010 2739 1177 2832 effugere
1196 2736 1296 2809 dicit:

97 2866 202 2964 ὀλίγοι
226 2871 280 2940 τδν
309 2871 346 2939 ἐκ
373 2869 507 2964 πληγῆς
534 2867 677 2939 θάνατον
708 2869 821 2966 ὥσπερ
850 2873 880 2939 οἱ
902 2869 1028 2965 λαγωοὶ
1056 2871 1221 2966 διέφυγον.

153 2997 192 3068 Α
209 3001 330 3093 porcis
356 2994 553 3090 imaginem
577 3009 702 3067 noster
719 2995 948 3090 deprompsit
961 3020 1049 3091 pag.
1067 3003 1139 3087 716
1156 2998 1217 3082 Ε.,
1237 2995 1301 3068 ubi

104 3125 263 3200 homines
290 3124 353 3223 qui
378 3125 413 3197 in
443 3125 611 3199 convivio
640 3125 787 3198 silentes
816 3125 899 3198 cibo
926 3151 967 3199 se
994 3125 1179 3221 impleant,
1204 3141 1296 3199 tam-

112 3277 212 3348 quam
237 3281 376 3353 porcos
403 3280 518 3351 agere
538 3255 640 3328 dicit:
669 3266 863 3336 σιωπῶντας
882 3257 1021 3356 μὲνγὰρ
1041 3259 1298 3352 ἐμπίμπλασθαι

119 3385 180 3480 μετ’
202 3388 375 3486 ἀλλήλων,
402 3388 522 3484 κομιδῇ
549 3387 674 3465 συῶδές
702 3388 799 3457 ἐστιν.

164 3521 255 3598 Alibi
290 3548 379 3620 pag.
411 3544 481 3616 535
512 3524 550 3594 F.
592 3547 658 3596 eos
699 3521 761 3618 qui
805 3521 1016 3594 adulterinis
1061 3547 1083 3594 a
1128 3521 1299 3594 laudibus

122 3673 181 3724 non
216 3669 376 3729 caveant
417 3680 500 3727 cum
541 3656 656 3727 subus
697 3666 907 3748 comparat,
945 3678 1047 3740 cum,
1075 3652 1169 3726 sicut
1195 3651 1300 3747 porci

121 3782 239 3876 pruritu
270 3799 309 3858 et
344 3783 567 3878 titillatione,
596 3784 646 3856 ita
680 3782 892 3856 adulatione
927 3782 1157 3855 deleniantur
1194 3796 1231 3854 et
1258 3806 1298 3854 se

121 3915 249 3988 tractari
267 3915 453 4012 patiantur
467 3940 515 3988 ex
528 3915 719 3987 voluntate
736 3915 988 3986 adulatorum:
1008 3915 1061 3986 καλ
1080 3915 1146 4008 μὴν
1165 3914 1298 3984 ἔπαινόν

119 4068 151 4139 γε
164 4046 310 4148 κίβδηλον
328 4028 406 4118 όντα
423 4045 618 4118 παντάπασι
637 4046 688 4116 δεῖ
704 4043 929 4141 φυλάττεσθαι
948 4044 1000 4114 καλ
1019 4043 1067 4138 μη
1087 4040 1197 4118 πάθος
1217 4040 1299 4110 πάσ-

116 4196 176 4270 χειν
199 4176 334 4271 ὑῶδες,7
348 4177 411 4247 ὖπδ
438 4180 585 4272 κνησμοῦ
612 4175 665 4245 καλ
691 4174 914 4271 γαργαλισμοῦ
941 4172 1129 4269 παρέχοντα
1147 4168 1295 4265 χρῆσθαι

113 4304 207 4402 ῥᾷστα
240 4309 288 4402 τῷ
313 4304 460 4401 δεομένῳ
487 4303 540 4374 καλ
567 4301 783 4403 καταβάλλειν
811 4303 925 4372 ἑαυτδν
953 4297 1295 4390 ὑποκατακλινόμενον.
