<?xml version="1.0" encoding="UTF-8"?>
<!DOCTYPE html PUBLIC "-//W3C//DTD XHTML 1.0 Transitional//EN"
    "http://www.w3.org/TR/xhtml1/DTD/xhtml1-transitional.dtd">
<html xmlns="http://www.w3.org/1999/xhtml" xml:lang="en" lang="en">
 <head>
  <title>
</title>
<meta http-equiv="Content-Type" content="text/html;charset=utf-8" />
  <meta name='ocr-system' content='tesseract 3.04.00' />
  <meta name='ocr-capabilities' content='ocr_page ocr_carea ocr_par ocr_line ocrx_word'/>
</head>
<body>
  <div class='ocr_page' id='page_1' title='image "./decomparationib00drongoog_0146.png"; bbox 0 0 2834 4964; ppageno 0'>
   <div class='ocr_carea' id='block_1_1' title="bbox 671 239 740 304">
    <p class='ocr_par' dir='ltr' id='par_1_1' title="bbox 671 239 740 304">
     <span class='ocr_line' id='line_1_1' title="bbox 671 239 740 304; baseline -0.014 -18"><span class='ocrx_word' id='word_1_1' title='bbox 671 239 740 304; x_wconf 94' lang='grc'>119</span> 
     </span>
    </p>
   </div>
   <div class='ocr_carea' id='block_1_2' title="bbox 103 422 1384 3896">
    <p class='ocr_par' dir='ltr' id='par_1_2' title="bbox 107 422 1302 651">
     <span class='ocr_line' id='line_1_2' title="bbox 158 422 1302 520; baseline -0.003 -21"><span class='ocrx_word' id='word_1_2' title='bbox 158 425 370 519; x_wconf 75' lang='grc' dir='ltr'>θάλλειν,</span> <span class='ocrx_word' id='word_1_3' title='bbox 399 425 555 518; x_wconf 75' lang='lat' dir='ltr'>florere,</span> <span class='ocrx_word' id='word_1_4' title='bbox 597 447 706 495; x_wconf 91' lang='lat' dir='ltr'>sensu</span> <span class='ocrx_word' id='word_1_5' title='bbox 743 424 921 497; x_wconf 87' lang='lat' dir='ltr'>translato</span> <span class='ocrx_word' id='word_1_6' title='bbox 955 422 1091 497; x_wconf 90' lang='lat' dir='ltr'>dictum</span> <span class='ocrx_word' id='word_1_7' title='bbox 1125 423 1302 520; x_wconf 90' lang='lat' dir='ltr'>reperitur</span> 
     </span>
     <span class='ocr_line' id='line_1_3' title="bbox 107 554 651 651; baseline -0.002 -25"><span class='ocrx_word' id='word_1_8' title='bbox 107 579 195 651; x_wconf 87' lang='lat' dir='ltr'>pag.</span> <span class='ocrx_word' id='word_1_9' title='bbox 223 576 299 645; x_wconf 86' lang='lat'>479</span> <span class='ocrx_word' id='word_1_10' title='bbox 315 555 372 625; x_wconf 80' lang='grc' dir='ltr'>Α.;</span> <span class='ocrx_word' id='word_1_11' title='bbox 402 557 486 633; x_wconf 80' lang='grc' dir='ltr'>οἶκος</span> <span class='ocrx_word' id='word_1_12' title='bbox 514 554 651 650; x_wconf 77' lang='grc' dir='ltr'>τέθηλε.</span> 
     </span>
    </p>

    <p class='ocr_par' dir='ltr' id='par_1_3' title="bbox 153 680 1026 784">
     <span class='ocr_line' id='line_1_4' title="bbox 153 680 1026 784; baseline -0.003 -25"><span class='ocrx_word' id='word_1_13' title='bbox 153 680 327 778; x_wconf 76' lang='grc' dir='ltr'>Ἄνθος,</span> <span class='ocrx_word' id='word_1_14' title='bbox 344 686 436 780; x_wconf 77' lang='lat' dir='ltr'>flos,</span> <span class='ocrx_word' id='word_1_15' title='bbox 466 707 554 778; x_wconf 90' lang='lat' dir='ltr'>pag.</span> <span class='ocrx_word' id='word_1_16' title='bbox 586 688 655 775; x_wconf 99' lang='grc'>765</span> <span class='ocrx_word' id='word_1_17' title='bbox 672 683 736 757; x_wconf 89' lang='grc' dir='ltr'>Α.;</span> <span class='ocrx_word' id='word_1_18' title='bbox 767 686 868 765; x_wconf 81' lang='grc' dir='ltr'>ἄνθος</span> <span class='ocrx_word' id='word_1_19' title='bbox 895 687 1026 784; x_wconf 78' lang='grc' dir='ltr'>ἀρετῆς.</span> 
     </span>
    </p>

    <p class='ocr_par' dir='ltr' id='par_1_4' title="bbox 107 814 1300 1041">
     <span class='ocr_line' id='line_1_5' title="bbox 158 814 1300 912; baseline 0 -23"><span class='ocrx_word' id='word_1_20' title='bbox 158 815 274 889; x_wconf 80' lang='grc' dir='ltr'>Εὐαν</span> <span class='ocrx_word' id='word_1_21' title='bbox 286 815 340 912; x_wconf 79' lang='grc' dir='ltr'>θή</span> <span class='ocrx_word' id='word_1_22' title='bbox 353 843 387 908; x_wconf 88' lang='grc' dir='ltr'>ς,</span> <span class='ocrx_word' id='word_1_23' title='bbox 417 817 496 885; x_wconf 80' lang='lat' dir='ltr'>bene</span> <span class='ocrx_word' id='word_1_24' title='bbox 506 814 665 908; x_wconf 78' lang='lat' dir='ltr'>florens,</span> <span class='ocrx_word' id='word_1_25' title='bbox 684 816 793 910; x_wconf 77' lang='lat' dir='ltr'>*pag</span> <span class='ocrx_word' id='word_1_26' title='bbox 816 836 885 885; x_wconf 89' lang='lat'>120</span> <span class='ocrx_word' id='word_1_27' title='bbox 901 815 937 884; x_wconf 89' lang='lat' dir='ltr'><strong>A</strong></span> <span class='ocrx_word' id='word_1_28' title='bbox 952 815 999 886; x_wconf 92' lang='lat' dir='ltr'>de</span> <span class='ocrx_word' id='word_1_29' title='bbox 1014 827 1136 887; x_wconf 87' lang='lat' dir='ltr'>aetate</span> <span class='ocrx_word' id='word_1_30' title='bbox 1152 814 1300 889; x_wconf 87' lang='lat' dir='ltr'>dicitur:</span> 
     </span>
     <span class='ocr_line' id='line_1_6' title="bbox 107 941 870 1041; baseline -0.001 -24"><span class='ocrx_word' id='word_1_31' title='bbox 107 945 336 1040; x_wconf 80' lang='grc' dir='ltr'>εὐανθεστάτη</span> <span class='ocrx_word' id='word_1_32' title='bbox 366 945 491 1041; x_wconf 78' lang='grc' dir='ltr'>ἡλικία.</span> <span class='ocrx_word' id='word_1_33' title='bbox 534 941 585 1014; x_wconf 83' lang='lat' dir='ltr'>Cf.</span> <span class='ocrx_word' id='word_1_34' title='bbox 613 968 703 1039; x_wconf 87' lang='lat' dir='ltr'>pag.</span> <span class='ocrx_word' id='word_1_35' title='bbox 735 967 809 1037; x_wconf 90' lang='lat'>500</span> <span class='ocrx_word' id='word_1_36' title='bbox 824 946 870 1015; x_wconf 92' lang='lat' dir='ltr'>D.</span> 
     </span>
    </p>

    <p class='ocr_par' dir='ltr' id='par_1_5' title="bbox 106 1070 1303 1689">
     <span class='ocr_line' id='line_1_7' title="bbox 159 1070 1302 1159; baseline -0.001 -13"><span class='ocrx_word' id='word_1_37' title='bbox 159 1072 331 1146; x_wconf 88' lang='grc' dir='ltr'>Ἀνθεῖν</span> <span class='ocrx_word' id='word_1_38' title='bbox 368 1073 415 1143; x_wconf 92' lang='lat' dir='ltr'>de</span> <span class='ocrx_word' id='word_1_39' title='bbox 444 1070 595 1145; x_wconf 87' lang='lat' dir='ltr'>floribus</span> <span class='ocrx_word' id='word_1_40' title='bbox 622 1075 670 1144; x_wconf 87' lang='lat' dir='ltr'>ad</span> <span class='ocrx_word' id='word_1_41' title='bbox 698 1074 818 1147; x_wconf 88' lang='lat' dir='ltr'>varias</span> <span class='ocrx_word' id='word_1_42' title='bbox 847 1099 905 1147; x_wconf 92' lang='lat' dir='ltr'>res</span> <span class='ocrx_word' id='word_1_43' title='bbox 933 1074 1161 1159; x_wconf 83' lang='lat' dir='ltr'>transfertur,</span> <span class='ocrx_word' id='word_1_44' title='bbox 1189 1074 1302 1146; x_wconf 86' lang='lat' dir='ltr'>veluti</span> 
     </span>
     <span class='ocr_line' id='line_1_8' title="bbox 109 1200 1302 1302; baseline 0.002 -28"><span class='ocrx_word' id='word_1_45' title='bbox 109 1204 157 1274; x_wconf 88' lang='lat' dir='ltr'>ad</span> <span class='ocrx_word' id='word_1_46' title='bbox 184 1200 353 1274; x_wconf 85' lang='lat' dir='ltr'>familiam</span> <span class='ocrx_word' id='word_1_47' title='bbox 381 1226 468 1297; x_wconf 89' lang='lat' dir='ltr'>pag.</span> <span class='ocrx_word' id='word_1_48' title='bbox 500 1224 569 1294; x_wconf 84' lang='lat'>553</span> <span class='ocrx_word' id='word_1_49' title='bbox 588 1204 647 1275; x_wconf 89' lang='grc' dir='ltr'>Β.;</span> <span class='ocrx_word' id='word_1_50' title='bbox 676 1207 768 1302; x_wconf 75' lang='grc' dir='ltr'>γένος</span> <span class='ocrx_word' id='word_1_51' title='bbox 795 1206 948 1302; x_wconf 76' lang='grc' dir='ltr'>ἤνθησε,</span> <span class='ocrx_word' id='word_1_52' title='bbox 976 1206 1025 1276; x_wconf 87' lang='lat' dir='ltr'>ad</span> <span class='ocrx_word' id='word_1_53' title='bbox 1043 1203 1199 1299; x_wconf 84' lang='lat' dir='ltr'>gloriam</span> <span class='ocrx_word' id='word_1_54' title='bbox 1213 1229 1302 1300; x_wconf 92' lang='lat' dir='ltr'>pag.</span> 
     </span>
     <span class='ocr_line' id='line_1_9' title="bbox 107 1330 1303 1429; baseline 0 -24"><span class='ocrx_word' id='word_1_55' title='bbox 107 1338 181 1422; x_wconf 84' lang='lat'>360</span> <span class='ocrx_word' id='word_1_56' title='bbox 197 1330 255 1417; x_wconf 80' lang='lat' dir='ltr'>C,</span> <span class='ocrx_word' id='word_1_57' title='bbox 283 1330 317 1403; x_wconf 91' lang='lat' dir='ltr'>in</span> <span class='ocrx_word' id='word_1_58' title='bbox 346 1331 421 1403; x_wconf 89' lang='lat' dir='ltr'>vita</span> <span class='ocrx_word' id='word_1_59' title='bbox 448 1331 554 1404; x_wconf 90' lang='lat' dir='ltr'>Arati</span> <span class='ocrx_word' id='word_1_60' title='bbox 581 1357 611 1404; x_wconf 91' lang='lat' dir='ltr'>c.</span> <span class='ocrx_word' id='word_1_61' title='bbox 646 1358 686 1423; x_wconf 84' lang='lat'>13</span> <span class='ocrx_word' id='word_1_62' title='bbox 704 1358 792 1428; x_wconf 92' lang='lat' dir='ltr'>pag.</span> <span class='ocrx_word' id='word_1_63' title='bbox 815 1357 908 1424; x_wconf 80' lang='lat'>1032</span> <span class='ocrx_word' id='word_1_64' title='bbox 927 1335 984 1421; x_wconf 67' lang='lat' dir='ltr'>E„</span> <span class='ocrx_word' id='word_1_65' title='bbox 1004 1337 1052 1407; x_wconf 92' lang='lat' dir='ltr'>ad</span> <span class='ocrx_word' id='word_1_66' title='bbox 1068 1335 1303 1429; x_wconf 87' lang='lat' dir='ltr'>tragoediam</span> 
     </span>
     <span class='ocr_line' id='line_1_10' title="bbox 106 1460 1303 1561; baseline 0.001 -27"><span class='ocrx_word' id='word_1_67' title='bbox 106 1487 192 1558; x_wconf 87' lang='lat' dir='ltr'>pag.</span> <span class='ocrx_word' id='word_1_68' title='bbox 232 1467 305 1552; x_wconf 84' lang='lat'>348</span> <span class='ocrx_word' id='word_1_69' title='bbox 328 1460 386 1546; x_wconf 78' lang='lat' dir='ltr'>C„</span> <span class='ocrx_word' id='word_1_70' title='bbox 416 1463 464 1533; x_wconf 91' lang='lat' dir='ltr'>ad</span> <span class='ocrx_word' id='word_1_71' title='bbox 490 1462 654 1535; x_wconf 92' lang='lat' dir='ltr'>homines</span> <span class='ocrx_word' id='word_1_72' title='bbox 681 1488 768 1559; x_wconf 91' lang='lat' dir='ltr'>pag.</span> <span class='ocrx_word' id='word_1_73' title='bbox 799 1488 844 1554; x_wconf 90' lang='grc'>93</span> <span class='ocrx_word' id='word_1_74' title='bbox 863 1465 930 1551; x_wconf 90' lang='lat' dir='ltr'>D.‚</span> <span class='ocrx_word' id='word_1_75' title='bbox 958 1490 1046 1561; x_wconf 89' lang='lat' dir='ltr'>pag.</span> <span class='ocrx_word' id='word_1_76' title='bbox 1077 1471 1149 1555; x_wconf 84' lang='lat'>804</span> <span class='ocrx_word' id='word_1_77' title='bbox 1166 1465 1226 1548; x_wconf 66' lang='lat' dir='ltr'>E„</span> <span class='ocrx_word' id='word_1_78' title='bbox 1254 1465 1303 1536; x_wconf 92' lang='lat' dir='ltr'>ad</span> 
     </span>
     <span class='ocr_line' id='line_1_11' title="bbox 108 1591 1005 1689; baseline 0.006 -27"><span class='ocrx_word' id='word_1_79' title='bbox 108 1592 234 1664; x_wconf 94' lang='lat' dir='ltr'>urbem</span> <span class='ocrx_word' id='word_1_80' title='bbox 262 1591 297 1663; x_wconf 92' lang='lat' dir='ltr'>in</span> <span class='ocrx_word' id='word_1_81' title='bbox 324 1592 401 1664; x_wconf 81' lang='lat' dir='ltr'>vita</span> <span class='ocrx_word' id='word_1_82' title='bbox 430 1591 587 1665; x_wconf 88' lang='lat' dir='ltr'>Othonis</span> <span class='ocrx_word' id='word_1_83' title='bbox 615 1618 645 1665; x_wconf 94' lang='lat' dir='ltr'>c.</span> <span class='ocrx_word' id='word_1_84' title='bbox 675 1599 697 1665; x_wconf 86' lang='lat'>6</span> <span class='ocrx_word' id='word_1_85' title='bbox 725 1619 812 1689; x_wconf 88' lang='lat' dir='ltr'>pag.</span> <span class='ocrx_word' id='word_1_86' title='bbox 847 1600 942 1684; x_wconf 95' lang='grc'>1069</span> <span class='ocrx_word' id='word_1_87' title='bbox 958 1596 1005 1667; x_wconf 84' lang='grc' dir='ltr'>Ι).</span> 
     </span>
    </p>

    <p class='ocr_par' dir='ltr' id='par_1_6' title="bbox 106 1721 1302 2466">
     <span class='ocr_line' id='line_1_12' title="bbox 159 1721 1301 1819; baseline 0.003 -25"><span class='ocrx_word' id='word_1_88' title='bbox 159 1721 392 1817; x_wconf 75' lang='grc' dir='ltr'>Ἐξανθεῖν,</span> <span class='ocrx_word' id='word_1_89' title='bbox 427 1723 655 1818; x_wconf 65' lang='lat' dir='ltr'>efflorescere,</span> <span class='ocrx_word' id='word_1_90' title='bbox 684 1723 824 1818; x_wconf 82' lang='lat' dir='ltr'>tropice</span> <span class='ocrx_word' id='word_1_91' title='bbox 852 1724 1011 1819; x_wconf 90' lang='lat' dir='ltr'>positum</span> <span class='ocrx_word' id='word_1_92' title='bbox 1038 1724 1240 1798; x_wconf 84' lang='lat' dir='ltr'>invenimus</span> <span class='ocrx_word' id='word_1_93' title='bbox 1266 1725 1301 1797; x_wconf 89' lang='lat' dir='ltr'>in</span> 
     </span>
     <span class='ocr_line' id='line_1_13' title="bbox 106 1850 1299 1952; baseline 0.003 -29"><span class='ocrx_word' id='word_1_94' title='bbox 106 1851 179 1923; x_wconf 81' lang='lat' dir='ltr'>vita</span> <span class='ocrx_word' id='word_1_95' title='bbox 205 1850 339 1924; x_wconf 85' lang='lat' dir='ltr'><strong>Thesei</strong></span> <span class='ocrx_word' id='word_1_96' title='bbox 367 1876 396 1923; x_wconf 90' lang='lat' dir='ltr'>c.</span> <span class='ocrx_word' id='word_1_97' title='bbox 426 1857 448 1923; x_wconf 86' lang='lat'>6</span> <span class='ocrx_word' id='word_1_98' title='bbox 477 1876 564 1946; x_wconf 88' lang='lat' dir='ltr'>pag.</span> <span class='ocrx_word' id='word_1_99' title='bbox 595 1876 614 1942; x_wconf 93' lang='grc'>3</span> <span class='ocrx_word' id='word_1_100' title='bbox 646 1854 709 1924; x_wconf 90' lang='lat' dir='ltr'>D.:</span> <span class='ocrx_word' id='word_1_101' title='bbox 730 1854 916 1952; x_wconf 75' lang='grc' dir='ltr'>ἐξάνθησαν</span> <span class='ocrx_word' id='word_1_102' title='bbox 936 1861 971 1927; x_wconf 86' lang='grc' dir='ltr'>αἱ</span> <span class='ocrx_word' id='word_1_103' title='bbox 988 1858 1108 1928; x_wconf 77' lang='grc' dir='ltr'>κακίαι.</span> <span class='ocrx_word' id='word_1_104' title='bbox 1139 1855 1191 1928; x_wconf 88' lang='lat' dir='ltr'>Cf.</span> <span class='ocrx_word' id='word_1_105' title='bbox 1212 1880 1299 1950; x_wconf 89' lang='lat' dir='ltr'>pag.</span> 
     </span>
     <span class='ocr_line' id='line_1_14' title="bbox 109 1981 1301 2074; baseline 0.003 -21"><span class='ocrx_word' id='word_1_106' title='bbox 109 1987 176 2074; x_wconf 82' lang='lat'>563</span> <span class='ocrx_word' id='word_1_107' title='bbox 217 1982 277 2066; x_wconf 88' lang='lat' dir='ltr'>B.‚</span> <span class='ocrx_word' id='word_1_108' title='bbox 314 2005 387 2072; x_wconf 76' lang='grc'>432</span> <span class='ocrx_word' id='word_1_109' title='bbox 429 1981 467 2054; x_wconf 90' lang='lat' dir='ltr'>C.</span> <span class='ocrx_word' id='word_1_110' title='bbox 522 1983 642 2055; x_wconf 89' lang='lat' dir='ltr'>Sensu</span> <span class='ocrx_word' id='word_1_111' title='bbox 679 1982 867 2055; x_wconf 87' lang='lat' dir='ltr'>transitivo</span> <span class='ocrx_word' id='word_1_112' title='bbox 896 1984 1085 2070; x_wconf 82' lang='lat' dir='ltr'>efferendi,</span> <span class='ocrx_word' id='word_1_113' title='bbox 1114 1985 1301 2058; x_wconf 85' lang='lat' dir='ltr'>emittendi</span> 
     </span>
     <span class='ocr_line' id='line_1_15' title="bbox 107 2111 1301 2212; baseline 0.005 -30"><span class='ocrx_word' id='word_1_114' title='bbox 107 2111 240 2206; x_wconf 82' lang='lat' dir='ltr'>legitur</span> <span class='ocrx_word' id='word_1_115' title='bbox 279 2136 367 2207; x_wconf 86' lang='lat' dir='ltr'>pag.</span> <span class='ocrx_word' id='word_1_116' title='bbox 398 2133 469 2205; x_wconf 89' lang='grc'>353</span> <span class='ocrx_word' id='word_1_117' title='bbox 497 2113 556 2184; x_wconf 73' lang='lat' dir='ltr'>R:</span> <span class='ocrx_word' id='word_1_118' title='bbox 586 2113 721 2194; x_wconf 75' lang='grc' dir='ltr'>ἐξανθεῖ</span> <span class='ocrx_word' id='word_1_119' title='bbox 743 2113 784 2184; x_wconf 85' lang='grc' dir='ltr'>τὰ</span> <span class='ocrx_word' id='word_1_120' title='bbox 811 2115 950 2209; x_wconf 79' lang='grc' dir='ltr'>σώματα</span> <span class='ocrx_word' id='word_1_121' title='bbox 977 2115 1122 2212; x_wconf 81' lang='grc' dir='ltr'>λέπραν,</span> <span class='ocrx_word' id='word_1_122' title='bbox 1163 2113 1208 2185; x_wconf 84' lang='grc'>111</span> <span class='ocrx_word' id='word_1_123' title='bbox 1226 2115 1301 2188; x_wconf 86' lang='lat' dir='ltr'>vita</span> 
     </span>
     <span class='ocr_line' id='line_1_16' title="bbox 108 2241 1302 2339; baseline 0.005 -27"><span class='ocrx_word' id='word_1_124' title='bbox 108 2241 278 2314; x_wconf 87' lang='lat' dir='ltr'>Eumenis</span> <span class='ocrx_word' id='word_1_125' title='bbox 315 2267 344 2314; x_wconf 86' lang='lat' dir='ltr'>e.</span> <span class='ocrx_word' id='word_1_126' title='bbox 389 2248 432 2314; x_wconf 86' lang='lat'>16</span> <span class='ocrx_word' id='word_1_127' title='bbox 470 2266 558 2337; x_wconf 84' lang='lat' dir='ltr'>pag.</span> <span class='ocrx_word' id='word_1_128' title='bbox 600 2265 669 2335; x_wconf 83' lang='lat'>593</span> <span class='ocrx_word' id='word_1_129' title='bbox 700 2243 768 2313; x_wconf 89' lang='lat' dir='ltr'>D.:</span> <span class='ocrx_word' id='word_1_130' title='bbox 796 2245 907 2314; x_wconf 76' lang='grc' dir='ltr'>πεδίον</span> <span class='ocrx_word' id='word_1_131' title='bbox 937 2241 1069 2339; x_wconf 75' lang='grc' dir='ltr'>ἐξήνθει</span> <span class='ocrx_word' id='word_1_132' title='bbox 1097 2247 1194 2316; x_wconf 80' lang='grc' dir='ltr'>κόνιν.</span> <span class='ocrx_word' id='word_1_133' title='bbox 1250 2245 1302 2318; x_wconf 86' lang='lat' dir='ltr'>Cf.</span> 
     </span>
     <span class='ocr_line' id='line_1_17' title="bbox 109 2371 367 2466; baseline -0.012 -2"><span class='ocrx_word' id='word_1_134' title='bbox 109 2395 193 2466; x_wconf 73' lang='lat' dir='ltr'>pas·</span> <span class='ocrx_word' id='word_1_135' title='bbox 225 2377 298 2464; x_wconf 80' lang='lat'>546</span> <span class='ocrx_word' id='word_1_136' title='bbox 329 2371 367 2444; x_wconf 83' lang='lat' dir='ltr'>C·</span> 
     </span>
    </p>

    <p class='ocr_par' dir='ltr' id='par_1_7' title="bbox 103 2501 1365 2988">
     <span class='ocr_line' id='line_1_18' title="bbox 158 2501 1365 2598; baseline 0.002 -23"><span class='ocrx_word' id='word_1_137' title='bbox 158 2501 417 2598; x_wconf 83' lang='grc' dir='ltr'>Ἐπανθεῖν,</span> <span class='ocrx_word' id='word_1_138' title='bbox 457 2503 669 2598; x_wconf 65' lang='lat' dir='ltr'>efflorescere</span> <span class='ocrx_word' id='word_1_139' title='bbox 710 2507 749 2573; x_wconf 78' lang='lat' dir='ltr'>in</span> <span class='ocrx_word' id='word_1_140' title='bbox 791 2503 918 2597; x_wconf 74' lang='lat' dir='ltr'>aliqua</span> <span class='ocrx_word' id='word_1_141' title='bbox 959 2529 1016 2584; x_wconf 79' lang='lat' dir='ltr'>re,</span> <span class='ocrx_word' id='word_1_142' title='bbox 1051 2504 1300 2598; x_wconf 84' lang='lat' dir='ltr'>metaphorice</span> <span class='ocrx_word' id='word_1_143' title='bbox 1362 2514 1365 2519; x_wconf 77' lang='grc'><strong>’</strong></span> 
     </span>
     <span class='ocr_line' id='line_1_19' title="bbox 104 2631 1300 2730; baseline 0.003 -27"><span class='ocrx_word' id='word_1_144' title='bbox 104 2631 241 2703; x_wconf 84' lang='lat' dir='ltr'>dictum</span> <span class='ocrx_word' id='word_1_145' title='bbox 266 2647 421 2726; x_wconf 82' lang='lat' dir='ltr'>usurpat</span> <span class='ocrx_word' id='word_1_146' title='bbox 439 2633 657 2705; x_wconf 87' lang='lat' dir='ltr'>Plutarchus</span> <span class='ocrx_word' id='word_1_147' title='bbox 676 2657 764 2728; x_wconf 92' lang='lat' dir='ltr'>pag.</span> <span class='ocrx_word' id='word_1_148' title='bbox 790 2637 863 2722; x_wconf 84' lang='lat'>646</span> <span class='ocrx_word' id='word_1_149' title='bbox 885 2631 941 2705; x_wconf 82' lang='lat' dir='ltr'>C:</span> <span class='ocrx_word' id='word_1_150' title='bbox 961 2634 1056 2730; x_wconf 85' lang='grc' dir='ltr'>χάριν</span> <span class='ocrx_word' id='word_1_151' title='bbox 1078 2632 1300 2706; x_wconf 80' lang='grc' dir='ltr'>ἐπανθοῦσαν.</span> 
     </span>
     <span class='ocr_line' id='line_1_20' title="bbox 105 2761 1302 2856; baseline 0.002 -23"><span class='ocrx_word' id='word_1_152' title='bbox 105 2761 157 2833; x_wconf 87' lang='lat' dir='ltr'>Cf.</span> <span class='ocrx_word' id='word_1_153' title='bbox 196 2787 285 2856; x_wconf 90' lang='lat' dir='ltr'>pag.</span> <span class='ocrx_word' id='word_1_154' title='bbox 316 2784 361 2854; x_wconf 90' lang='grc'>54</span> <span class='ocrx_word' id='word_1_155' title='bbox 392 2763 429 2834; x_wconf 87' lang='lat' dir='ltr'>F.</span> <span class='ocrx_word' id='word_1_156' title='bbox 485 2764 523 2834; x_wconf 87' lang='lat' dir='ltr'>In</span> <span class='ocrx_word' id='word_1_157' title='bbox 552 2763 627 2836; x_wconf 88' lang='lat' dir='ltr'>vita</span> <span class='ocrx_word' id='word_1_158' title='bbox 654 2762 802 2835; x_wconf 87' lang='lat' dir='ltr'>Periclis</span> <span class='ocrx_word' id='word_1_159' title='bbox 830 2788 859 2834; x_wconf 94' lang='lat' dir='ltr'>c.</span> <span class='ocrx_word' id='word_1_160' title='bbox 895 2786 935 2852; x_wconf 91' lang='grc'>13</span> <span class='ocrx_word' id='word_1_161' title='bbox 966 2785 1054 2856; x_wconf 86' lang='lat' dir='ltr'>pag.</span> <span class='ocrx_word' id='word_1_162' title='bbox 1090 2783 1159 2854; x_wconf 84' lang='lat'>159</span> <span class='ocrx_word' id='word_1_163' title='bbox 1189 2763 1227 2833; x_wconf 87' lang='lat' dir='ltr'>F.</span> <span class='ocrx_word' id='word_1_164' title='bbox 1255 2765 1302 2835; x_wconf 91' lang='lat' dir='ltr'>de</span> 
     </span>
     <span class='ocr_line' id='line_1_21' title="bbox 103 2891 991 2988; baseline -0.001 -25"><span class='ocrx_word' id='word_1_165' title='bbox 103 2891 181 2964; x_wconf 91' lang='lat' dir='ltr'>eius</span> <span class='ocrx_word' id='word_1_166' title='bbox 210 2891 385 2987; x_wconf 89' lang='lat' dir='ltr'>operibus</span> <span class='ocrx_word' id='word_1_167' title='bbox 413 2892 560 2965; x_wconf 89' lang='lat' dir='ltr'>dicitur:</span> <span class='ocrx_word' id='word_1_168' title='bbox 590 2893 732 2966; x_wconf 81' lang='grc' dir='ltr'>ἐπανθεῖ</span> <span class='ocrx_word' id='word_1_169' title='bbox 754 2920 801 2972; x_wconf 84' lang='grc' dir='ltr'>τις</span> <span class='ocrx_word' id='word_1_170' title='bbox 828 2893 991 2988; x_wconf 79' lang='grc' dir='ltr'>καινότης.</span> 
     </span>
    </p>

    <p class='ocr_par' dir='ltr' id='par_1_8' title="bbox 105 3020 1384 3896">
     <span class='ocr_line' id='line_1_22' title="bbox 157 3020 1303 3116; baseline 0.001 -23"><span class='ocrx_word' id='word_1_171' title='bbox 157 3024 251 3116; x_wconf 88' lang='lat' dir='ltr'>Pag.</span> <span class='ocrx_word' id='word_1_172' title='bbox 288 3043 360 3112; x_wconf 93' lang='grc'>317</span> <span class='ocrx_word' id='word_1_173' title='bbox 401 3022 440 3095; x_wconf 89' lang='lat' dir='ltr'>C.</span> <span class='ocrx_word' id='word_1_174' title='bbox 477 3023 586 3096; x_wconf 89' lang='lat' dir='ltr'>lectio</span> <span class='ocrx_word' id='word_1_175' title='bbox 623 3020 768 3094; x_wconf 82' lang='grc' dir='ltr'>ἐπανθεῖ</span> <span class='ocrx_word' id='word_1_176' title='bbox 789 3045 863 3092; x_wconf 91' lang='lat' dir='ltr'>non</span> <span class='ocrx_word' id='word_1_177' title='bbox 892 3033 1047 3094; x_wconf 90' lang='lat' dir='ltr'>constat.</span> <span class='ocrx_word' id='word_1_178' title='bbox 1076 3021 1144 3093; x_wconf 89' lang='lat' dir='ltr'>Est</span> <span class='ocrx_word' id='word_1_179' title='bbox 1171 3020 1303 3094; x_wconf 88' lang='lat' dir='ltr'>Cobeti</span> 
     </span>
     <span class='ocr_line' id='line_1_23' title="bbox 105 3149 1384 3252; baseline -0.002 -28"><span class='ocrx_word' id='word_1_180' title='bbox 105 3152 319 3224; x_wconf 88' lang='lat' dir='ltr'>coniectura</span> <span class='ocrx_word' id='word_1_181' title='bbox 355 3178 423 3248; x_wconf 90' lang='lat' dir='ltr'>pro</span> <span class='ocrx_word' id='word_1_182' title='bbox 456 3156 617 3252; x_wconf 83' lang='grc' dir='ltr'>παρέχει,</span> <span class='ocrx_word' id='word_1_183' title='bbox 644 3151 746 3246; x_wconf 91' lang='lat' dir='ltr'>quod</span> <span class='ocrx_word' id='word_1_184' title='bbox 774 3164 830 3223; x_wconf 91' lang='lat' dir='ltr'>est</span> <span class='ocrx_word' id='word_1_185' title='bbox 857 3149 891 3220; x_wconf 91' lang='lat' dir='ltr'>in</span> <span class='ocrx_word' id='word_1_186' title='bbox 920 3149 1116 3223; x_wconf 81' lang='lat' dir='ltr'>codicibus,</span> <span class='ocrx_word' id='word_1_187' title='bbox 1171 3152 1303 3247; x_wconf 91' lang='lat' dir='ltr'>Nuper</span> <span class='ocrx_word' id='word_1_188' title='bbox 1380 3215 1384 3222; x_wconf 85' lang='lat'>.</span> 
     </span>
     <span class='ocr_line' id='line_1_24' title="bbox 106 3280 1301 3377; baseline -0.001 -23"><span class='ocrx_word' id='word_1_189' title='bbox 106 3281 358 3377; x_wconf 86' lang='lat' dir='ltr'>Stegmannus</span> <span class='ocrx_word' id='word_1_190' title='bbox 408 3283 504 3355; x_wconf 87' lang='lat' dir='ltr'>Nou.</span> <span class='ocrx_word' id='word_1_191' title='bbox 556 3283 653 3353; x_wconf 87' lang='lat' dir='ltr'>Arm.</span> <span class='ocrx_word' id='word_1_192' title='bbox 711 3286 807 3370; x_wconf 90' lang='grc'>1890</span> <span class='ocrx_word' id='word_1_193' title='bbox 855 3280 935 3352; x_wconf 90' lang='lat' dir='ltr'>Vol.</span> <span class='ocrx_word' id='word_1_194' title='bbox 984 3304 1030 3371; x_wconf 88' lang='lat'>41</span> <span class='ocrx_word' id='word_1_195' title='bbox 1076 3306 1164 3376; x_wconf 85' lang='lat' dir='ltr'>pag.</span> <span class='ocrx_word' id='word_1_196' title='bbox 1212 3288 1301 3372; x_wconf 92' lang='grc'>196,</span> 
     </span>
     <span class='ocr_line' id='line_1_25' title="bbox 105 3409 1302 3509; baseline 0.003 -27"><span class='ocrx_word' id='word_1_197' title='bbox 105 3411 212 3484; x_wconf 84' lang='lat' dir='ltr'>aliam</span> <span class='ocrx_word' id='word_1_198' title='bbox 249 3411 544 3485; x_wconf 87' lang='lat' dir='ltr'>emendationem</span> <span class='ocrx_word' id='word_1_199' title='bbox 572 3409 781 3506; x_wconf 92' lang='lat' dir='ltr'>proposuit:</span> <span class='ocrx_word' id='word_1_200' title='bbox 811 3414 997 3509; x_wconf 78' lang='grc' dir='ltr'>ἐπιτρέχει,</span> <span class='ocrx_word' id='word_1_201' title='bbox 1025 3414 1122 3507; x_wconf 90' lang='lat' dir='ltr'>quae</span> <span class='ocrx_word' id='word_1_202' title='bbox 1151 3411 1302 3507; x_wconf 90' lang='lat' dir='ltr'>propius</span> 
     </span>
     <span class='ocr_line' id='line_1_26' title="bbox 106 3539 1301 3636; baseline 0.001 -23"><span class='ocrx_word' id='word_1_203' title='bbox 106 3544 153 3613; x_wconf 91' lang='lat' dir='ltr'>ad</span> <span class='ocrx_word' id='word_1_204' title='bbox 175 3542 343 3615; x_wconf 90' lang='lat' dir='ltr'>codicum</span> <span class='ocrx_word' id='word_1_205' title='bbox 359 3541 554 3615; x_wconf 89' lang='lat' dir='ltr'>lectionem</span> <span class='ocrx_word' id='word_1_206' title='bbox 570 3544 764 3623; x_wconf 88' lang='lat' dir='ltr'>accedens,</span> <span class='ocrx_word' id='word_1_207' title='bbox 782 3539 958 3635; x_wconf 91' lang='lat' dir='ltr'>optimum</span> <span class='ocrx_word' id='word_1_208' title='bbox 973 3566 1120 3615; x_wconf 91' lang='lat' dir='ltr'>sensum</span> <span class='ocrx_word' id='word_1_209' title='bbox 1134 3544 1301 3636; x_wconf 85' lang='lat' dir='ltr'>praebet.</span> 
     </span>
     <span class='ocr_line' id='line_1_27' title="bbox 106 3669 1301 3770; baseline 0.001 -28"><span class='ocrx_word' id='word_1_210' title='bbox 106 3672 143 3742; x_wconf 86' lang='lat' dir='ltr'>In</span> <span class='ocrx_word' id='word_1_211' title='bbox 160 3672 350 3746; x_wconf 87' lang='lat' dir='ltr'>codicibus</span> <span class='ocrx_word' id='word_1_212' title='bbox 364 3673 550 3746; x_wconf 87' lang='lat' dir='ltr'>vocabulo</span> <span class='ocrx_word' id='word_1_213' title='bbox 566 3675 706 3770; x_wconf 85' lang='grc' dir='ltr'>παρέχει</span> <span class='ocrx_word' id='word_1_214' title='bbox 722 3669 911 3766; x_wconf 87' lang='lat' dir='ltr'>praecedit</span> <span class='ocrx_word' id='word_1_215' title='bbox 925 3671 1142 3769; x_wconf 79' lang='grc' dir='ltr'>καθεστηκός.</span> <span class='ocrx_word' id='word_1_216' title='bbox 1172 3672 1301 3766; x_wconf 87' lang='lat' dir='ltr'>Itaque</span> 
     </span>
     <span class='ocr_line' id='line_1_28' title="bbox 105 3799 1302 3896; baseline 0 -24"><span class='ocrx_word' id='word_1_217' title='bbox 105 3801 223 3874; x_wconf 86' lang='lat' dir='ltr'>littera</span> <span class='ocrx_word' id='word_1_218' title='bbox 252 3804 283 3877; x_wconf 69' lang='lat' dir='ltr'>G.</span> <span class='ocrx_word' id='word_1_219' title='bbox 312 3802 416 3875; x_wconf 87' lang='lat' dir='ltr'>facile</span> <span class='ocrx_word' id='word_1_220' title='bbox 444 3801 614 3874; x_wconf 86' lang='lat' dir='ltr'>excidere</span> <span class='ocrx_word' id='word_1_221' title='bbox 641 3800 760 3895; x_wconf 92' lang='lat' dir='ltr'>potuit</span> <span class='ocrx_word' id='word_1_222' title='bbox 786 3815 872 3895; x_wconf 89' lang='lat' dir='ltr'>post</span> <span class='ocrx_word' id='word_1_223' title='bbox 900 3800 935 3874; x_wconf 77' lang='lat' dir='ltr'>t.</span> <span class='ocrx_word' id='word_1_224' title='bbox 964 3800 1074 3872; x_wconf 89' lang='lat' dir='ltr'>Plura</span> <span class='ocrx_word' id='word_1_225' title='bbox 1098 3799 1181 3872; x_wconf 90' lang='lat' dir='ltr'>vide</span> <span class='ocrx_word' id='word_1_226' title='bbox 1202 3802 1302 3896; x_wconf 92' lang='lat' dir='ltr'>apud</span> 
     </span>
    </p>
   </div>
   <div class='ocr_carea' id='block_1_3' title="bbox 110 3931 477 4044">
    <p class='ocr_par' dir='ltr' id='par_1_9' title="bbox 110 3931 477 4044">
     <span class='ocr_line' id='line_1_29' title="bbox 110 3931 477 4044; baseline 0 -41"><span class='ocrx_word' id='word_1_227' title='bbox 110 3931 380 4044; x_wconf 86' lang='lat' dir='ltr'>Stegmannum</span> <span class='ocrx_word' id='word_1_228' title='bbox 408 3932 428 4003; x_wconf 93' lang='lat' dir='ltr'>l.</span> <span class='ocrx_word' id='word_1_229' title='bbox 456 3932 477 4003; x_wconf 91' lang='lat' dir='ltr'>l.</span> 
     </span>
    </p>
   </div>
   <div class='ocr_carea' id='block_1_4' title="bbox 108 4060 1302 4421">
    <p class='ocr_par' dir='ltr' id='par_1_10' title="bbox 108 4060 1302 4421">
     <span class='ocr_line' id='line_1_30' title="bbox 157 4060 1302 4162; baseline -0.002 -28"><span class='ocrx_word' id='word_1_230' title='bbox 157 4060 357 4162; x_wconf 81' lang='grc' dir='ltr'>Καρπός,</span> <span class='ocrx_word' id='word_1_231' title='bbox 381 4064 556 4158; x_wconf 79' lang='lat' dir='ltr'>fructur,</span> <span class='ocrx_word' id='word_1_232' title='bbox 594 4060 843 4156; x_wconf 86' lang='lat' dir='ltr'>metaphorice</span> <span class='ocrx_word' id='word_1_233' title='bbox 880 4074 1095 4154; x_wconf 84' lang='lat' dir='ltr'>usurpatum</span> <span class='ocrx_word' id='word_1_234' title='bbox 1122 4060 1302 4133; x_wconf 87' lang='lat' dir='ltr'>invenitur</span> 
     </span>
     <span class='ocr_line' id='line_1_31' title="bbox 108 4189 1300 4289; baseline -0.003 -26"><span class='ocrx_word' id='word_1_235' title='bbox 108 4216 193 4287; x_wconf 88' lang='lat' dir='ltr'>pag.</span> <span class='ocrx_word' id='word_1_236' title='bbox 239 4215 310 4285; x_wconf 89' lang='grc'>549</span> <span class='ocrx_word' id='word_1_237' title='bbox 352 4194 412 4279; x_wconf 89' lang='grc' dir='ltr'>Β.,</span> <span class='ocrx_word' id='word_1_238' title='bbox 449 4193 511 4265; x_wconf 92' lang='lat' dir='ltr'>ubi</span> <span class='ocrx_word' id='word_1_239' title='bbox 547 4194 593 4265; x_wconf 93' lang='lat' dir='ltr'>de</span> <span class='ocrx_word' id='word_1_240' title='bbox 630 4191 754 4264; x_wconf 89' lang='lat' dir='ltr'>iniuria</span> <span class='ocrx_word' id='word_1_241' title='bbox 790 4189 876 4262; x_wconf 91' lang='lat' dir='ltr'>dicit</span> <span class='ocrx_word' id='word_1_242' title='bbox 913 4204 1058 4263; x_wconf 89' lang='lat' dir='ltr'>noster:</span> <span class='ocrx_word' id='word_1_243' title='bbox 1093 4194 1148 4262; x_wconf 74' lang='lat' dir='ltr'>rhu</span> <span class='ocrx_word' id='word_1_244' title='bbox 1176 4196 1300 4289; x_wconf 71' lang='grc' dir='ltr'>καρπὸν</span> 
     </span>
     <span class='ocr_line' id='line_1_32' title="bbox 109 4321 1300 4421; baseline -0.002 -28"><span class='ocrx_word' id='word_1_245' title='bbox 109 4324 205 4402; x_wconf 78' lang='grc' dir='ltr'>εὐθὺς</span> <span class='ocrx_word' id='word_1_246' title='bbox 234 4329 353 4421; x_wconf 82' lang='grc' dir='ltr'>ὡραῖον</span> <span class='ocrx_word' id='word_1_247' title='bbox 382 4325 592 4395; x_wconf 75' lang='grc' dir='ltr'>ἀποδίδωσιν.</span> <span class='ocrx_word' id='word_1_248' title='bbox 648 4321 700 4394; x_wconf 85' lang='lat' dir='ltr'>Cf.</span> <span class='ocrx_word' id='word_1_249' title='bbox 728 4347 815 4417; x_wconf 85' lang='lat' dir='ltr'>pag.</span> <span class='ocrx_word' id='word_1_250' title='bbox 845 4326 921 4392; x_wconf 94' lang='grc'>610</span> <span class='ocrx_word' id='word_1_251' title='bbox 950 4321 1079 4411; x_wconf 78' lang='grc' dir='ltr'>Ε.,“44</span> <span class='ocrx_word' id='word_1_252' title='bbox 1101 4321 1163 4406; x_wconf 82' lang='grc' dir='ltr'>Α.,</span> <span class='ocrx_word' id='word_1_253' title='bbox 1188 4342 1231 4410; x_wconf 91' lang='grc'>73</span> <span class='ocrx_word' id='word_1_254' title='bbox 1253 4321 1300 4391; x_wconf 93' lang='lat' dir='ltr'>D.</span> 
     </span>
    </p>
   </div>
   <div class='ocr_carea' id='block_1_5' title="bbox 0 0 1422 4964">
    <p class='ocr_par' dir='ltr' id='par_1_11' title="bbox 0 0 1422 4964">
     <span class='ocr_line' id='line_1_33' title="bbox 0 0 1422 4964; baseline 0 0"><span class='ocrx_word' id='word_1_255' title='bbox 0 0 1422 4964; x_wconf 95' lang='lat' dir='ltr'> </span> 
     </span>
    </p>
   </div>
  </div>
 </body>
</html>
