2834 4964
635 217 721 315 ,οι

101 405 211 505 βόλῳ,
238 403 505 503 παραβόλως
540 400 575 473 in
604 399 681 473 vita
708 399 813 472 Arati
841 425 870 472 c.
902 421 947 490 27
977 424 1066 495 pag.
1102 421 1210 490 1039
1243 399 1303 497 D.‚

102 557 131 604 c.
161 552 207 624 35
237 555 324 625 pag.
358 536 454 621 1048
483 533 523 603 E.

154 661 258 733 Pilae
295 663 413 747 lusos,
450 659 511 756 qui
539 661 671 734 mutuis
707 659 893 733 emittendi
920 673 958 731 et
984 657 1200 754 accipiendi
1229 684 1304 754 par-

103 790 200 863 tibus
236 790 452 877 continetur,
489 790 658 886 scriptori
693 804 819 863 nostro
854 787 1143 884 comparationis
1173 812 1303 862 ansam

102 920 202 993 dedit
228 945 316 1016 pag.
344 944 366 1010 4
374 942 391 1013 5
423 902 475 1005 E,
504 920 566 992 ubi
594 920 679 992 dicit
704 919 798 992 inter
815 919 997 992 dicentem
1016 932 1054 992 et
1072 918 1303 1004 auditorem,

101 1049 131 1122 si
157 1064 313 1145 uterque
341 1063 442 1122 recte
480 1049 639 1122 officium
676 1063 832 1136 tueatur,
860 1050 1045 1145 quandam
1073 1048 1304 1122 concinnita·

101 1194 175 1253 tem
216 1205 317 1266 esse,
358 1179 452 1252 sicut
490 1180 525 1252 in
554 1179 649 1275 pilae
685 1181 773 1252 ludo
809 1179 970 1252 iacientis
1006 1192 1044 1252 et
1084 1178 1305 1275 excipientis

11 1357 14 1364 =
102 1310 273 1406 corporis
294 1324 415 1383 motus
443 1309 610 1384 concinni
636 1335 718 1383 esse
737 1311 871 1382 solent:
897 1313 1009 1409 ὥσπερ
1037 1312 1071 1380 ἐν
1097 1317 1150 1408 τῷ
1176 1312 1304 1409 σφαιρί-

102 1442 169 1521 ζειν
205 1449 252 1538 τῷ
289 1441 439 1540 βάλλοντι
474 1442 526 1512 δεῖ
558 1441 802 1537 συγκινούμενον
838 1439 1010 1539 εὐρύθμως
1047 1438 1222 1536 φέρεσθαι
1255 1443 1305 1511 τδν

102 1571 298 1666 δεχόμενον,
334 1568 435 1648 οὕτως
469 1571 522 1640 ἐπὶ
554 1579 619 1640 τῶν
651 1570 756 1665 λόγων
783 1571 852 1640 ἔστι
878 1595 924 1647 τις
952 1566 1114 1665 εὐρυθμία
1143 1570 1203 1639 καί
1233 1569 1304 1668 περί

101 1700 155 1805 τδν
182 1698 317 1792 λέγοντα
343 1697 396 1768 καί
423 1698 497 1794 περί
520 1699 573 1768 τδν
601 1699 828 1795 ἀκροώμενον,
856 1699 894 1768 ἂν
909 1697 1060 1793 ἑκάτερος
1078 1698 1116 1766 τδ
1135 1704 1304 1794 προςῆκον

103 1827 192 1922 αὐτῷ
219 1825 378 1922 φυλάττῃ.

129 1954 215 2025 Huc
244 1978 393 2048 quoque
421 1954 614 2053 referenda
640 1968 696 2026 est
722 1953 863 2049 imag0,
891 1978 1001 2049 quam
1029 1951 1187 2026 adhibet
1217 1979 1304 2050 pag.
1346 1954 1348 1999 :

107 2088 177 2175 582
208 2083 267 2154 E:
303 2087 326 2180 ἡ
355 2084 416 2183 γὰρ
443 2085 557 2184 χάρις,
586 2088 646 2182 οὐχ
680 2088 777 2181 ἧττον
814 2085 954 2180 δεομένη
987 2090 1043 2154 τοῦ
1070 2084 1305 2185 λαμβάνοντος

104 2217 126 2310 ἢ
154 2221 210 2284 τοῦ
238 2214 397 2308 διδόντος,
425 2214 459 2293 ἐξ
487 2216 607 2309 ἀμφοῖν
634 2215 814 2284 τελειοῦται
840 2216 920 2311 πρδς
947 2215 983 2283 τδ
1009 2213 1119 2306 καλόν,
1149 2216 1166 2283 ὁ
1194 2214 1235 2284 δὲ
1262 2215 1306 2310 μὴ

106 2343 279 2436 δεξάμενος
317 2343 430 2438 ὥσπερ
466 2350 605 2440 σφαῖραν
646 2342 682 2412 εῖν
722 2343 907 2439 φερομένην
947 2335 1152 2437 κατῄσχυνεν
1199 2343 1304 2439 ἀτελῆ

104 2494 279 2540 πεσουσαν.

157 2595 327 2691 Denique
355 2598 405 2669 ad
431 2597 527 2691 pilae
554 2599 672 2670 lusum
698 2611 862 2693 spectat,
896 2597 997 2692 quod
1023 2595 1186 2691 legimus
1217 2624 1305 2696 pag.

107 2733 154 2817 38
184 2727 244 2798 E:
272 2731 375 2798 καίτοι
401 2737 466 2806 τοῖς
495 2730 553 2824 μέν
582 2730 802 2826 σφαιρίζουσιν
839 2727 909 2823 ἅμα
935 2735 991 2798 τοῦ
1020 2728 1131 2827 βαλεῖν
1160 2731 1222 2800 καί
1250 2737 1305 2802 τοῦ

105 2858 216 2958 λαβεῖν
243 2865 302 2953 τῆν
330 2865 469 2955 σφαῖραν
496 2861 518 2954 ἡ
548 2856 705 2954 μάθησις·
735 2861 768 2927 ἐν
796 2858 831 2927 δέ
858 2864 902 2954 τῇ
928 2864 985 2927 τοῦ
1011 2858 1108 2951 λόγου
1137 2861 1243 2956 χρεία
1271 2862 1305 2930 τδ

105 2985 261 3066 δέξασθαι
290 2987 398 3064 καλῶς
426 2993 481 3056 τοῦ
508 2985 671 3083 προέσθαι
697 2987 853 3084 πρότερόν
882 2988 979 3056 ἐστιν.

175 3191 193 3289 β
223 3212 253 3281 7.
311 3193 582 3264 MarAPHORAE
608 3217 657 3262 AB
684 3215 789 3262 ARTE
816 3215 1022 3278 sourrAuor
1048 3215 1229 3265 PETITAE.

155 3379 293 3478 Ἡνία,
320 3384 470 3468 habena,
499 3398 536 3454 et
562 3387 762 3481 χαλινός,
789 3382 958 3479 frenum,
987 3384 1141 3455 crebras
1170 3400 1304 3460 nostro

103 3512 287 3605 praebent
327 3515 573 3606 metaphoras.
629 3512 689 3585 Sic
729 3512 763 3583 in
804 3512 880 3584 vita
920 3512 1027 3585 Arati
1062 3538 1092 3584 c.
1129 3537 1152 3604 4
1160 3536 1178 3607 5
1213 3540 1304 3612 pag.

111 3647 208 3730 1048
229 3640 267 3713 C.
304 3641 445 3714 Aratus
474 3642 603 3715 dicitur
639 3642 744 3737 regni
770 3642 935 3715 habenas
963 3641 1157 3737 Antigono
1188 3646 1304 3719 tradi-

105 3770 218 3843 disse:
248 3773 305 3851 τόις
332 3776 425 3869 ἡνίας
455 3775 698 3872 παραδεδωκὼς
730 3769 914 3870 Ἀντιγόνῳ.

156 3902 269 3995 mag.
301 3925 341 3991 13
364 3901 404 3972 E.
425 3902 676 3996 metaphoram
695 3927 717 3973 a
736 3900 954 3974 remittendo
973 3917 1010 3973 et
1029 3900 1304 3997 adstringendo

103 4034 269 4104 habenas
297 4032 446 4103 ductam
474 4031 690 4126 reperimus:
725 4037 849 4129 ἐφεῖναι
878 4032 976 4131 (lege
1005 4057 1086 4104 cum
1115 4032 1304 4108 Diibnero

107 4161 250 4257 ἀφεῖναι)
277 4164 329 4233 καὶ
356 4162 500 4259 χαλάσαι
527 4162 585 4242 τὰς
618 4165 712 4259 ἡνίας
740 4170 808 4241 ταῖς
846 4163 1033 4258 ἐπιθυμίαις
1060 4171 1125 4233 τῶν
1151 4166 1305 4262 παίδων,

107 4291 179 4361 τότε
207 4292 243 4360 δὲ
269 4292 366 4361 πάλιν
394 4293 575 4361 ἀντιτεῖναι.
