2834 4964
646 274 712 340 113

31 472 324 544 memoratum
352 457 431 554 qui,
459 457 561 553 ligna
588 472 626 530 et
645 458 834 531 malleolos
848 457 1044 530 identidem
1059 472 1272 553 apportans,

33 600 178 672 fumo
206 614 354 684 semper
382 602 419 661 et
442 588 564 661 favilla
592 590 783 684 oppletus,
798 587 940 660 minime
960 587 1089 661 fruitur
1102 589 1274 674 lavacr0‚

41 724 206 799 calore
234 717 498 814 munditiaque.

82 854 336 948 Τέττιγος,
362 852 509 923 cicadae.
563 851 620 922 Ex
648 848 858 922 cicadarum
887 874 987 922 more
1015 875 1140 922 semen
1160 849 1275 922 dimit-

44 981 180 1060 tendi
205 981 238 1053 in
268 980 406 1055 scillam
434 995 499 1054 aut
525 982 599 1053 tale
628 979 715 1076 quid
748 979 945 1075 imaginem
979 980 1106 1076 petivit
1133 980 1273 1053 Plutar-

50 1116 173 1188 chus
198 1135 287 1208 pag.
319 1117 389 1202 767
420 1112 477 1198 D.,
518 1109 582 1183 ubi
617 1109 783 1183 homines
810 1109 889 1206 qui,
918 1135 991 1182 non
1019 1135 1146 1184 amore
1174 1111 1275 1184 ducti

53 1245 149 1316 sed
173 1243 292 1315 solum
319 1241 516 1315 liberorum
536 1242 854 1337 procreandorum
876 1265 989 1313 causa
1008 1241 1274 1315 matrimonium

56 1373 205 1446 ineunt
231 1397 354 1468 neque
368 1371 493 1444 uxoris
507 1396 670 1443 amorem
690 1384 839 1457 curant,
859 1371 1001 1444 confert
1021 1397 1103 1444 cum
1123 1372 1276 1459 cicadis,

64 1526 205 1575 semen
236 1501 271 1574 in
305 1501 441 1575 scillam
474 1500 755 1574 dimittentibus:
793 1508 824 1573 ol
856 1504 932 1597 μέν,
964 1504 1091 1574 παίδων
1128 1505 1276 1598 δεόμενοι

71 1634 207 1725 μᾶλλον
225 1635 247 1730 ἢ
268 1641 446 1728 γυναικῶν,
479 1633 591 1730 ὥσπερ
612 1636 643 1702 οἱ
659 1634 799 1726 τέττιγες
819 1634 864 1710 εἰς
884 1631 1017 1701 σκίλλαν
1039 1631 1062 1727 ἦ
1086 1658 1116 1702 τι
1134 1640 1276 1703 τοιοῦτον

75 1761 138 1856 τὴν
170 1763 265 1857 γονὴν
293 1762 445 1857 ἀφιᾶσιν,
473 1759 559 1832 οὕτω
587 1760 640 1830 διὰ
667 1761 787 1857 τάχους
807 1762 854 1839 οἷς
873 1761 972 1856 ἔτυχε
993 1761 1142 1855 σώμασιν
1161 1763 1276 1832 ε’ναπο-

78 1889 295 1986 γεννήσαντες
322 1891 376 1961 καλ
403 1891 528 1988 καρπδν
555 1888 712 1986 ἀράμενοι
739 1891 864 1986 χαίρειν
892 1891 992 1959 ἐῶσιν
1010 1889 1078 1985 ἤδη
1097 1892 1151 1959 τον
1169 1890 1275 1985 γάμον

129 2139 368 2245 Ἀράχναι,
394 2172 556 2216 araneae.
589 2145 682 2239 Pag.
713 2169 732 2235 3
741 2150 787 2237 58
816 2144 854 2215 F.
896 2143 1052 2239 scriptor
1078 2143 1275 2240 imaginem

85 2273 127 2342 ab
164 2273 303 2347 araneis
329 2273 465 2370 petivit.
496 2274 766 2369 Comparantur
793 2299 925 2368 nempe
952 2281 1089 2369 poetae
1118 2288 1155 2347 et
1173 2275 1278 2347 fabu-

41 2456 46 2470 .
85 2402 201 2476 larum
236 2404 456 2502 scriptores,
491 2430 538 2477 ex
569 2430 608 2477 se
636 2404 722 2499 ipsis
748 2403 947 2499 gignentes
975 2404 1141 2478 historias
1179 2407 1278 2479 nullo

89 2531 324 2608 fundamento
365 2533 504 2609 innixas
548 2559 688 2630 easque
721 2549 972 2629 pertenentes,
1003 2560 1087 2608 cum
1115 2537 1278 2622 araneis,

93 2660 186 2736 filum
211 2691 257 2738 ex
283 2690 323 2738 se
350 2665 436 2760 ipsis
463 2664 692 2739 ducentibus.
737 2666 862 2738 Verba
888 2665 961 2737 loci
988 2666 1098 2739 valde
1117 2666 1279 2762 corrupti

97 2807 173 2866 sunt
211 2797 347 2869 haece:
393 2798 441 2869 ὅτι
484 2797 512 2868 δ’
542 2799 600 2868 οὐκ
640 2799 728 2868 ἔοικε
769 2803 871 2868 ταῦτα
911 2799 1033 2894 κομιδῇ
1074 2797 1279 2892 μυθεύμασιν

102 2923 208 3018 ἀραιοῖς
239 2928 294 2999 καλ
326 2928 483 3005 διακένοις
515 2925 725 3021 πλάσμασιν,
760 2929 813 2996 οἶα
839 2926 974 3023 ποιηταὶ
1001 2927 1055 2997 καλ
1083 2927 1279 3025 λογογράφοι

90 3049 236 3153 ,καθάπερ
263 3060 295 3126 οἱ
312 3056 454 3154 ἀράχναι
473 3061 650 3150 γεννῶντες
665 3049 721 3149 ἀφ’
736 3057 864 3124 ἑαυτῶν
881 3054 1034 3151 ἀπαρχὰς
1054 3055 1276 3134 ἀνυποθέτους

107 3181 256 3272 ὑφαίνουσι
284 3183 339 3254 καλ
366 3184 613 3274 ἀποτείνουσιν,
633 3181 707 3252 ἀλλ’
727 3183 798 3278 ’ἔχει
817 3181 906 3260 τινὰς
931 3183 1068 3280 ἀπορίας
1087 3185 1143 3254 καί
1159 3184 1279 3255 παθῶν

106 3308 275 3407 διηγήσεις,
303 3313 402 3409 αὐτῇ.

147 3436 296 3511 Primum
315 3463 442 3512 omnes
461 3437 604 3511 criticos
624 3437 776 3510 offendit
794 3438 1016 3510 vocabulum
1038 3443 1133 3539 αὐτῇ.
1163 3441 1280 3512 Recte

103 3565 161 3638 iam
184 3567 345 3664 Squirius
373 3584 410 3641 et
437 3567 605 3641 Reiskius
632 3567 970 3641 animadverterunt
988 3584 1074 3663 post
1092 3573 1175 3667 αὐτ-ί,
1197 3570 1278 3664 (p'ro

104 3697 187 3798 αὐτῇ)
204 3698 378 3772 interiisse
392 3701 555 3771 verbum.
586 3697 749 3792 Squirius
763 3699 864 3771 dedit
884 3705 973 3799 ὁρᾷς,
990 3698 1279 3772 Reiskiusoiolla.

102 3826 276 3924 Wyttenb.
305 3831 402 3910 δείξει
429 3830 521 3903 αὐτό.
550 3830 687 3900 Baxter
710 3833 819 3925 οἴομαι
846 3832 930 3925 δεῖν,
950 3830 1037 3900 dum
1052 3832 1141 3927 ἔχειν
1156 3828 1279 3901 scribit

98 3959 188 4052 quod
214 3973 269 4033 est
287 3958 321 4030 in
342 3957 522 4031 nonnullis
540 3957 736 4031 codicibus.
766 3959 896 4053 Nuper
911 3958 1161 4054 Stegmannus
1177 3959 1273 4029 Νον.

97 4089 184 4160 Ann.
202 4095 297 4180 1890
313 4089 395 4161 Vol.
413 4111 493 4178 141,
510 4113 598 4183 pag.
613 4112 685 4160 200
700 4087 893 4184 proposuit
912 4092 995 4186 αὐτὴ
1015 4091 1185 4188 καθορᾷς,
1204 4113 1278 4183 qua

93 4217 241 4293 lectione
254 4219 375 4293 hiatus
389 4218 532 4292 vitatur.
562 4218 639 4291 Sed
653 4218 798 4290 videtur
811 4218 845 4289 in
861 4218 990 4291 ceteris
1005 4243 1154 4313 quoque
1174 4218 1277 4290 locus

92 4373 170 4424 esse
186 4364 387 4446 corruptus.
421 4351 558 4422 Baxter
572 4363 609 4421 et
626 4350 782 4441 Bentley
795 4373 863 4443 pro
879 4348 1033 4447 ἀπαρχὰς
1052 4347 1276 4426 ἀνυποδετοίνς

1185 4471 1199 4523 8
