2834 4964
697 228 740 299 55

114 417 271 490 serentis
299 415 527 488 dracontium
555 416 704 499 dentes,
732 439 753 485 e
781 413 913 508 quibus
940 414 1068 486 armati
1094 413 1159 486 viri
1181 439 1311 509 surge-

117 550 227 623 bant:
256 549 445 644 σπείροντες
472 547 587 642 λόγους
610 546 664 616 καὶ
692 545 879 643 θερίζοντες
907 544 1005 623 εὐθὺς
1020 544 1133 640 μάχης
1153 544 1313 624 ὑπούλους

116 679 171 749 καί
199 675 413 771 πολεμικούς,
439 674 552 772 ὥσπερ
577 679 608 744 οἱ
622 673 784 771 Σπαρτοί,
809 672 1061 774 βλαστάνοντας
1072 676 1152 768 ἡμῖν
1168 672 1223 742 καί
1238 674 1314 744 ὑπο-

118 808 313 902 φυομένους.
343 802 394 875 Cf.
424 801 532 875 Ouid.
562 801 712 872 Metam.
741 801 789 870 HI
820 822 876 893 50.
904 821 982 894 sqq.

170 935 288 1004 Porro
324 932 537 1003 Alexander
564 956 648 1003 cum
678 930 836 1001 Hercule
862 943 1097 1024 comparatur
1122 954 1210 1024 pag.
1240 953 1309 1020 341

117 1065 179 1148 E.‚
228 1063 398 1157 Telephus
434 1062 470 1133 in
521 1061 799 1156 comparatione
840 1059 997 1133 occurrit
1036 1083 1126 1155 pag.
1169 1066 1217 1150 89
1256 1058 1315 1146 C„

117 1194 312 1266 Patroclus
329 1217 417 1288 pag.
440 1213 486 1285 59
507 1193 564 1281 Β.,
589 1192 768 1264 Briareus
788 1216 876 1288 pag.
897 1214 943 1284 95
965 1192 1024 1276 E,
1044 1192 1208 1286 Lynceus
1226 1214 1314 1285 pag.

119 1329 166 1413 87
197 1323 255 1406 C..
292 1323 445 1395 Proteus
481 1347 569 1417 pag.
607 1343 653 1412 97
684 1323 750 1407 Α.,
787 1322 922 1393 Lamia
957 1346 1045 1416 pag.
1077 1343 1147 1414 515
1179 1322 1236 1403 F„
1275 1335 1315 1392 ut
1367 1306 1369 1311 ¹

118 1454 213 1527 alios
242 1454 460 1527 omittamus.

105 1653 123 1751 ξ
158 1678 213 1725 11.
254 1654 527 1725 nmmum
553 1677 606 1724 ex
632 1677 795 1725 Auernus
822 1677 995 1739 suumn,
1024 1677 1130 1739 QUAE
1151 1676 1328 1738 euenum

351 1782 353 1786 ⁴
428 1808 478 1855 AB
506 1807 717 1856 nomufflus
744 1805 1011 1855 TRACTAunuR.

171 1966 271 2039 Satis
302 1967 513 2060 frequentes
540 1968 641 2061 apud
669 1982 834 2039 nostrum
863 1965 1091 2060 reperiuntur
1117 1964 1315 2060 imagines,

115 2096 256 2192 petitae
285 2121 331 2168 ex
357 2095 514 2181 artibus
538 2121 634 2190 quae
652 2095 815 2191 quotidie
829 2098 878 2168 ab
893 2095 1099 2168 hominibus
1113 2109 1316 2167 tractantur

116 2251 291 2320 quaeque
320 2226 474 2299 Graecis
500 2225 694 2298 familiares
721 2240 836 2298 erant.
877 2225 1035 2298 Primum
1055 2250 1314 2298 recenseamus

115 2380 183 2429 eas
221 2381 318 2450 quae
355 2370 440 2428 sunt
466 2382 513 2432 ex
552 2359 794 2429 architectura
823 2358 1028 2453 Ιρἀύνίίίριιο
1054 2366 1134 2427 erte
1161 2369 1314 2428 sumtae.

174 2487 300 2558 Verba
328 2488 505 2584 θήγειν,
534 2488 726 2581 ὀξύνειν,
749 2487 1033 2586 παροξύνειν,
1053 2511 1150 2581 quae
1168 2485 1315 2581 proprie

113 2616 331 2711 significant
371 2643 495 2687 acuere
537 2640 648 2688 sensu
676 2615 901 2700 stimulandi,
939 2615 1139 2701 excitandi,
1167 2617 1317 2688 adhibet

114 2771 207 2842 pag.
232 2771 298 2837 143
317 2748 371 2818 F.:
387 2749 647 2845 παροξυνόμενος
666 2749 729 2818 ὑπὸ
747 2755 814 2818 τῶν
835 2748 959 2843 φίλων,
974 2771 1062 2842 ρος.
1079 2768 1150 2839 352
1169 2748 1227 2817 R:
1248 2751 1316 2818 ἐπι-

115 2878 282 2974 θήγοντες
301 2878 362 2974 τὴν
377 2876 495 2974 ὄρεξιν,
511 2899 597 2969 ρος.
611 2881 686 2946 610
696 2875 752 2946 Β.;
768 2876 1068 2974 συνεπιθρηνήσεις
1082 2878 1316 2975 παραθήγουσι

112 3008 179 3103 τὴν
209 3005 339 3100 λύπην,
366 3029 454 3100 ρος.
483 3027 556 3095 407
587 3005 645 3089 D.‚
674 3009 749 3095 468
778 3004 837 3091 B„
870 3026 940 3098 595
971 3005 1029 3089 Ε.,
1064 3010 1133 3077 126
1161 3006 1201 3076 B.

171 3135 261 3205 Item
302 3134 487 3237 ἀμβλύς,
529 3135 793 3237 ἀμβλύνειν,
835 3136 946 3219 hebes,
974 3136 1140 3218 hebetare,
1174 3133 1314 3230 tropice

115 3265 219 3337 dicta
247 3278 444 3335 occurrunt
470 3288 558 3358 pag.
593 3269 662 3354 136
690 3265 755 3335 Α.;
784 3273 883 3361 σῶμα
909 3265 1019 3366 ἀμβλὺ
1037 3269 1118 3364 προς
1137 3266 1195 3345 τὰς
1213 3266 1316 3343 καλὰς

112 3395 268 3494 πράξεις,
301 3393 337 3465 in
370 3392 444 3466 vita
479 3392 637 3467 Othonis
664 3419 693 3465 c.
723 3400 755 3466 8.
783 3418 871 3489 pag.
907 3414 1004 3483 1070
1032 3394 1089 3467 C.:
1117 3396 1178 3490 τὴν
1207 3396 1317 3491 ἀκμὴν

113 3523 329 3623 ἀμβλύνοντα
356 3531 416 3619 τῆς
445 3525 632 3619 δυνάμεως,
667 3547 754 3618 ρος.
790 3547 856 3613 132
888 3523 953 3608 Α,
985 3545 1056 3616 544
1086 3525 1149 3603 8.,
1179 3521 1211 3593 in
1241 3522 1317 3593 vita

114 3649 225 3722 Arati
252 3676 281 3722 c.
309 3673 358 3741 47
387 3676 475 3746 pag.
511 3675 605 3742 1049
635 3651 673 3724 C.

170 3782 420 3854 Instrumenta
447 3782 743 3877 comparationes
770 3786 952 3879 praebent
978 3809 1066 3880 pag.
1086 3808 1160 3875 494
1180 3783 1235 3865 C„
1252 3783 1315 3855 ubi

110 3914 162 3984 de
191 3937 293 3998 ursa,
322 3914 487 3985 membra
514 3914 718 3986 catulorum
746 3913 873 4009 lingua
891 3915 1078 4000 formenti,
1093 3913 1240 3986 dicitur:
1269 3922 1314 4011 τῇ

112 4043 269 4140 γλώττῃ,
297 4044 451 4142 καθάπερ
480 4047 722 4142 ἐργαλείῳ,
751 4047 954 4117 διατυποῦσα
982 4046 1056 4125 τοὺς
1084 4048 1216 4140 ὑμένας.

168 4171 262 4264 Ρος.
290 4176 366 4260 468
396 4171 435 4244 C.
463 4173 563 4243 bona
591 4171 739 4266 ingenia
767 4198 850 4245 cum
874 4172 1093 4258 commodis
1110 4173 1206 4244 mala
1232 4197 1314 4244 cum

111 4299 254 4397 asperis
282 4316 319 4372 et
345 4300 503 4374 distortis
530 4301 775 4374 instrumentis
803 4316 928 4374 noster
956 4318 1165 4398 comparat:
1200 4306 1221 4376 ἃ
1252 4306 1313 4402 γὰρ
1376 4370 1378 4374 ,
