2834 4964
742 198 810 264 116

223 394 424 496 Ἕλμιγξ,
461 402 598 482 tamnu,
637 423 725 494 pag.
764 422 834 492 524
852 402 898 472 D.
926 414 983 473 est
1001 400 1134 496 imago
1161 401 1386 476 insatiabilis

175 525 400 621 cupiditatis:
437 530 478 626 ἣν
515 527 603 627 (scil.
632 528 880 627 φιλοπλουτίαν)
913 533 951 603 ἂν
979 533 1026 628 μή
1055 559 1102 611 τις
1123 534 1291 630 Ιἐξέληται
1321 544 1381 633 τῆς

174 659 304 755 ψυχῆς,
324 659 436 756 ὥσπερ
456 659 596 755 ἕλμιγγα
614 660 789 754 πλατεῖαν,
809 662 845 730 ού
864 660 1044 731 παύσονται
1064 660 1213 756 δεόμενοι
1232 671 1302 734 τῶν
1321 689 1379 734 πε·

172 795 290 882 ριττῶν
305 785 481 879 [τουτέστιν
497 785 736 883 ἐπιθυμοῦντες
752 791 797 857 ὧν
812 790 848 858 ού
864 788 1018 881 δέονται].
1030 788 1157 860 Verba
1170 795 1372 863 τουτέστι-

100 923 101 926 ’
173 916 300 986 δέονται
327 913 426 985 haud
451 913 561 986 dubie
581 915 705 1009 spuria
723 929 815 988 sunt.
846 915 897 988 Cf.
918 916 1214 990 Herwerdenum
1235 921 1368 993 Mnem.

180 1051 269 1133 1891
303 1067 389 1139 pag.
421 1050 503 1117 288.
547 1047 687 1143 ἕλμιγγα
709 1049 867 1118 πλατεῖαν
885 1047 1130 1120 Rernardakis
1150 1063 1208 1121 est
1219 1050 1367 1123 coniec-

173 1187 255 1245 tura
282 1199 350 1268 pro
378 1177 538 1247 obscuro
567 1176 686 1273 ἕλιγμα
713 1176 862 1273 πλάγιον.
906 1175 945 1247 C.
973 1176 1012 1247 F.
1041 1178 1244 1250 Hermann.
1266 1181 1360 1253 Rein.

173 1303 268 1376 Mus.
303 1309 417 1394 1846,
445 1329 533 1399 pag.
561 1330 583 1395 4
591 1310 637 1397 56
665 1305 793 1398 legere
821 1305 995 1399 proponit
1015 1309 1134 1406 ἕλιγμα
1153 1336 1183 1380 τι
1203 1285 1368 1407 ἀλγεινόν,

173 1434 260 1504 dum
288 1433 430 1509 confert
457 1433 586 1506 Soran.
614 1436 661 1506 de
688 1433 802 1529 signis
829 1435 931 1508 fract.
959 1460 1046 1530 pag.
1075 1459 1145 1530 45,
1165 1438 1229 1509 ubi
1250 1419 1398 1538 ἕλιγμα-

173 1565 220 1635 de
260 1565 420 1636 fractura
455 1564 515 1637 vel
540 1563 702 1637 laesione
731 1564 843 1636 cranii
868 1580 1076 1660 usurpatur.
1131 1567 1219 1638 Mihi
1248 1584 1392 1641 tamen

174 1693 380 1766 emendatio
417 1694 660 1766 Bemardakis
696 1694 920 1790 probabilior
954 1720 1035 1768 esse
1064 1696 1217 1769 videtur.
1272 1700 1397 1770 Nam

173 1823 294 1896 taenia
321 1838 509 1919 tamquam
535 1823 694 1919 imagine
721 1824 931 1897 insatiabilis
959 1802 1172 1922 cupiditatis
1189 1843 1394 1923 usurpata

174 1954 293 2026 omnia
320 1970 421 2027 recte
448 1979 488 2027 se
516 1956 654 2028 habere
682 1970 784 2050 puto.

227 2085 408 2186 Θρῖπες,
436 2087 615 2158 teredines.
652 2087 744 2181 Pag.
772 2110 821 2176 49
839 2087 878 2157 Β.
911 2087 1131 2158 Plutarchus
1150 2089 1376 2160 adulatores

173 2239 256 2286 cum
283 2214 505 2288 teredinibus
533 2229 733 2311 comparat.
775 2215 873 2288 Dicit
900 2241 1031 2314 nempe
1056 2217 1271 2291 adulatores
1291 2220 1368 2314 ple·

173 2370 326 2440 rumque
354 2370 376 2417 a
404 2345 613 2440 generosis,
641 2345 737 2440 frugi
762 2345 987 2441 placidisque
1014 2346 1168 2441 ingeniis
1198 2348 1365 2443 recipiet

174 2474 238 2560 ali,
265 2474 358 2570 sicut
384 2462 566 2548 teredines
588 2475 813 2571 potissimum
827 2476 861 2547 in
875 2475 982 2571 lignis
997 2476 1131 2549 teneris
1147 2492 1185 2548 et
1199 2478 1361 2551 dulcibus

174 2605 317 2677 vivunt:
346 2607 459 2704 ὥσπερ
487 2611 516 2676 οἱ
542 2607 659 2704 θρῖπες
687 2605 850 2677 ἐνδύονται
879 2607 1020 2701 μάλιστα
1049 2616 1116 2687 τοῖς
1144 2610 1287 2688 ἁπαλοῖς
1314 2609 1362 2679 καί

173 2723 304 2832 γλυκέσι
331 2735 455 2828 ξύλοις,
483 2734 567 2806 ούτιυ
595 2735 636 2807 τὰ
664 2736 822 2831 φιλότιμα
849 2744 917 2806 τῶν
944 2735 1040 2831 ἠθῶν
1069 2738 1124 2807 καὶ
1151 2738 1286 2835 χρηστὰ
1313 2738 1364 2808 καλ

173 2867 302 2960 ἐπιεικῆ
344 2867 399 2935 τὸν
440 2866 565 2935 κύλακα
605 2865 738 2960 λέγεται
779 2865 832 2934 καὶ
867 2866 982 2960 τρέφει
1009 2867 1268 2966 προςφυύμενον.
1326 2865 1362 2935 ln

173 2993 353 3064 nonnullis
403 2991 591 3064 codicibus
640 2991 773 3086 legitur
813 2992 1015 3090 ἐμφύονται,
1056 2994 1157 3087 quod
1194 2994 1365 3089 Wytten-

172 3121 325 3194 bachius
360 3123 537 3217 praefert,
570 3122 655 3217 quia
704 3136 797 3194 teste
837 3122 1108 3217 Theophrasto,
1123 3124 1219 3196 Hist.
1248 3125 1367 3197 Plant.

172 3252 224 3337 V,
256 3275 286 3344 5.
315 3253 386 3350 IX,
422 3276 461 3345 15
492 3254 622 3324 teredo
649 3252 684 3322 in
711 3251 790 3348 ipsa
818 3251 940 3323 radice
964 3266 1146 3324 nascatur.
1176 3253 1228 3325 Cf.
1249 3255 1368 3351 Wytt.

171 3383 307 3455 Annot.
334 3382 368 3454 in
397 3384 489 3454 Mor.
517 3384 532 3453 Ι
559 3407 646 3479 pag.
675 3406 761 3472 421.

224 3514 389 3609 Σηπία,
430 3518 533 3608 sepia.
590 3504 731 3585 Notum
773 3526 828 3584 est
863 3511 1019 3608 sepiam,
1049 3537 1132 3584 cum
1162 3515 1244 3616 capi
1273 3516 1366 3609 peri-

172 3642 333 3727 clitatur,
370 3657 489 3714 atrum
524 3642 701 3739 liquorem
737 3641 919 3725 emittere,
949 3657 989 3715 ut
1016 3642 1207 3738 piscatoris
1235 3646 1370 3718 oculos

171 3772 332 3866 effugiat.
375 3773 426 3846 cf.
456 3773 530 3845 Cic.
559 3774 606 3844 de
635 3774 722 3845 Nat.
752 3774 864 3860 Deor.
893 3774 940 3859 ll,
964 3795 1020 3866 5ο.
1041 3773 1134 3845 Plut.
1153 3775 1200 3845 de
1221 3774 1368 3848 Sollert.

172 3902 291 3974 Anim.
319 3927 406 3998 pag.
436 3909 510 3993 978
526 3905 565 3974 B.
621 3905 731 3976 Unde
759 3904 955 3998 imaginem
983 3903 1109 3999 petivit
1127 3902 1368 4000 philosophus

171 4056 259 4127 pag.
303 4038 373 4126 565
396 4034 456 4118 C.,
497 4032 559 4106 ubi
598 4034 747 4105 lividum
790 4035 970 4118 colorem,
1006 4059 1080 4128 quo
1109 4034 1367 4108 malevolentia

172 4161 326 4234 animam
355 4163 479 4267 tingit,
508 4164 649 4235 confert
677 4189 760 4236 cum
788 4177 1013 4248 atramento,
1040 4188 1116 4258 quo
1140 4189 1240 4235 mare
1261 4164 1370 4260 tingit

173 4292 292 4388 sepia:
320 4296 473 4366 κακύνοια
501 4297 537 4366 τύ
565 4296 662 4375 ἰῶδες
688 4296 847 4391 ἀφίησιν,
866 4295 980 4390 ὥσπερ
999 4299 1033 4364 αἱ
1053 4296 1171 4389 σηπίαι
1190 4297 1226 4365 τύ
1245 4297 1366 4390 μέλαν.
