2834 4964
668 187 736 254 126

102 391 237 463 tionem
264 390 314 462 sic
342 388 583 485 interpungit:
613 390 761 462 οὕτω-
776 390 1070 490 ἀναλαμβάνουσα,
1099 394 1353 486 μιγνυμένου

103 529 158 618 νοῦ
193 524 273 620 πρδς
307 524 344 592 rb
380 521 554 616 μυθῶδες,
591 521 738 617 ἐλαφρὰν
765 549 794 591 κ.
824 547 852 590 τ.
881 520 911 591 λ.
964 519 1060 590 Tum
1100 519 1349 614 genetivus

103 650 294 722 absolutus
322 648 435 721 artius
463 673 546 721 cum
574 647 813 743 sequentibus
841 647 1124 744 coniungendus
1152 664 1218 722 est.

128 918 146 1015 θ
175 943 207 1008 3.
244 918 521 989 METAPHORAE
544 942 570 987 A
592 939 751 989 anstcx
765 941 813 988 ET
827 940 1083 989 Asuxouoiun
1098 941 1258 990 Ducunt.

154 1162 247 1254 Pag.
277 1180 349 1250 317
366 1159 511 1245 A—D,
539 1157 846 1254 elegantissimam
874 1159 1190 1255 comparationem
1216 1161 1284 1231 Plu·

103 1291 251 1362 tarchus
274 1288 516 1388 'deprompsit
556 1291 604 1361 ab
645 1290 909 1362 elementorum
949 1315 1078 1385 pugna
1106 1303 1289 1362 eteorum

103 1445 170 1516 per
195 1434 330 1492 terram
357 1419 391 1491 in
419 1417 652 1491 concordiam
681 1418 904 1491 redactione.
941 1419 993 1492 Cf.
1022 1418 1129 1492 Ovid.
1159 1421 1247 1493 Met.
1261 1421 1291 1502 l,

111 1574 123 1621 1
156 1575 253 1645 sqq,
281 1551 425 1622 Lucret.
453 1549 506 1636 V,
534 1570 609 1640 417
638 1574 736 1645 sqq..
762 1549 859 1622 Dicit
886 1575 1018 1645 nempe
1046 1548 1297 1644 antiquissimis

103 1664 347 1774 temporibuS‚
388 1678 550 1751 maximis
585 1679 769 1752 hominum
804 1679 976 1775 potentiis
1003 1693 1114 1775 atque
1142 1679 1300 1776 imperiis

8 1847 11 1854 ·
102 1808 257 1881 fortuitis
288 1808 433 1881 casibus
459 1808 601 1882 iactatis
629 1823 666 1883 et
691 1810 784 1882 inter
811 1834 851 1882 se
880 1809 1028 1893 collisis,
1059 1812 1161 1905 quod
1189 1836 1302 1883 nemo

104 1964 197 2011 unus
232 1938 428 2034 imperaret
464 1938 626 2035 reliquis,
663 1940 798 2012 vellent
833 1965 978 2026 omnes,
1006 1939 1304 2035 inexplicabilem

103 2069 211 2142 fuisse
259 2064 402 2142 cladem
443 2083 481 2142 et
521 2095 681 2142 errorem
723 2095 767 2142 ac
808 2068 1045 2142 mutationem
1087 2069 1304 2142 continuam

104 2199 280 2285 omnium,
317 2213 467 2295 postea,
507 2201 627 2272 Roma
663 2199 758 2272 vires
792 2213 902 2272 nacta
929 2214 966 2272 et
993 2213 1103 2272 aucta
1130 2213 1168 2271 et
1195 2199 1232 2271 in
1264 2227 1306 2274 se

103 2329 378 2425 constringente
419 2354 500 2402 cum
542 2344 675 2424 gentes
715 2344 753 2402 et
792 2330 968 2425 populos,
997 2343 1073 2401 tum
1100 2330 1308 2425 peregrina

103 2459 212 2532 etiam
239 2484 284 2531 ac
313 2459 552 2531 transmarina
581 2484 718 2554 regna,
738 2460 914 2532 maximas
928 2484 986 2532 res
1000 2461 1305 2548 fundamentum,

102 2589 160 2662 cui
185 2588 440 2672 inniterentur,
471 2602 508 2661 et
535 2589 741 2662 firmitatem
769 2591 926 2686 adeptas
953 2616 1054 2676 esse,
1081 2589 1237 2686 imperio
1268 2593 1304 2665 in

101 2733 275 2815 pacatum
315 2732 449 2791 statum
477 2718 723 2815 circulumque
749 2720 970 2793 immobilem
997 2723 1168 2808 redacto,
1199 2747 1306 2795 com-

102 2862 282 2944 paratque
310 2874 374 2921 eas
401 2848 584 2922 hominum
611 2850 794 2946 potentias
822 2865 935 2946 atque
954 2851 1103 2947 imperia
1118 2876 1201 2924 cum
1218 2878 1304 2925 cor-

101 2979 270 3074 poribuS,
298 2980 514 3052 coeuntibus
542 2993 579 3052 et
607 2981 824 3067 commixtis,
853 3007 1083 3054 communem
1111 2995 1237 3054 autem
1256 3010 1305 3057 ex

103 3108 270 3181 omnibus
284 3109 436 3181 formam
453 3124 605 3183 naturae
619 3113 800 3207 praebere
816 3111 1031 3198 nolentibus
1048 3112 1114 3184 sed
1129 3137 1304 3207 compre-

101 3238 313 3311 hensionem
340 3264 385 3312 ac
413 3265 543 3313 nexum
573 3241 834 3336 effugientibus
851 3241 1080 3337 invicemque
1095 3242 1304 3316 certamina

102 3368 375 3451 exercentibus,
405 3382 442 3441 et
471 3371 628 3443 Romam
656 3397 739 3444 cum
754 3385 852 3444 terra
866 3397 981 3467 quae,
1007 3371 1302 3467 magnitudinem

102 3524 148 3571 ex
188 3498 388 3593 compactis
428 3516 466 3572 et
505 3501 653 3596 agitatis
681 3502 896 3597 corporibus
924 3515 1032 3574 nacta
1060 3527 1104 3574 ac
1132 3503 1303 3587 firmata,

102 3630 210 3701 etiam
238 3628 382 3724 reliquis
409 3628 443 3701 in
471 3629 550 3726 ipsa
569 3645 634 3703 aut
648 3631 782 3704 circum
796 3632 912 3728 ipsam
927 3631 1145 3705 subsistendi
1160 3657 1303 3727 oppor-

102 3760 291 3832 tunitatem
332 3759 451 3834 dedit:
493 3766 539 3841 ὡς
573 3762 634 3862 γὰρ
670 3769 699 3834 οἱ
735 3765 864 3860 φυσικοὶ
899 3766 953 3834 τδν
988 3764 1109 3857 κόσμον
1144 3764 1323 3857 λέγουσιν,

102 3893 159 3962 οὐκ
196 3896 276 3963 εἷναι
312 3893 431 3987 κόσμον
468 3891 534 3963 οὐδ’
572 3892 701 3963 ἐθελειν
736 3892 777 3962 τὰ
812 3892 973 3986 σώματα,
1010 3891 1212 3962 συνελθόντα
1239 3895 1300 3964 καλ

102 4022 323 4115 συμμιγέντα,
349 4023 453 4091 κοινδν
481 4022 518 4090 ἐκ
545 4019 675 4090 πάντων
703 4021 789 4099 εἶδος
812 4027 857 4116 τῇ
877 4019 974 4116 ρόσει
992 4026 1187 4118 παρασχεῖν,
1207 4020 1301 4092 ἀλλὰ

101 4155 167 4218 τῶν
204 4149 263 4243 μὲν
295 4149 342 4219 ἔτι
370 4156 494 4246 μικρῶν
522 4148 576 4219 καλ
604 4147 773 4245 σποράδην
801 4151 991 4247 φερομένων
1021 4147 1299 4219 διολισθανόντων

103 4277 157 4346 καὶ
193 4278 442 4372 ὑποφευγόντων
477 4277 534 4356 τὰς
566 4276 787 4373 ἐναπολήψεις
820 4278 873 4348 καὶ
912 4276 1133 4375 περιπλοκάς,
1173 4284 1239 4346 τῶν
1270 4276 1299 4347 δ’
