2834 4964
688 250 727 315 13

93 436 256 505 οἰδοῦντι
282 434 345 532 γὰρ
386 435 472 504 ἔοικε
512 435 565 504 καί
597 435 824 529 φλεγμαίνοντι
863 438 991 529 σώματι
1032 439 1068 506 τό
1107 429 1303 533 περιαλγοῦν

107 564 161 634 καί
189 563 367 660 περιχαρὲς
394 563 447 633 καί
473 562 652 662 περίφοβον
679 570 739 658 τῆς
767 564 887 659 ψυχῆς.

161 699 251 794 Pag.
289 721 362 792 455
404 698 442 770 C.
479 698 569 770 iram
606 723 689 771 cum
726 701 857 771 morbo
895 700 1064 773 comitiali
1101 716 1302 796 comparat.

109 828 207 901 Dicit
234 828 327 901 enim
352 830 424 901 hoc
443 829 528 901 loco
547 827 653 901 nobis
672 828 1003 922 praesentientibus
1021 829 1097 903 irae
1117 846 1304 927 tamquam

110 959 238 1031 morbi
253 958 441 1031 comitialis
469 958 718 1031 accessionem
746 958 869 1054 quiete
894 986 988 1056 opus
1007 986 1108 1047 esse,
1127 987 1173 1034 ne
1193 964 1304 1034 cada-

110 1114 190 1160 mus
228 1114 322 1161 neue
360 1089 394 1160 in
432 1088 523 1161 alios
558 1087 778 1160 incidamus:
806 1091 972 1188 κράτιστόν
1001 1095 1068 1162 ἐστι
1094 1091 1305 1190 καθορμίζειν

112 1222 226 1290 ἑαυτὸν
255 1223 300 1298 είς
326 1222 480 1316 ἡσυχίαν,
507 1217 614 1313 θυμοῦ
634 1220 747 1316 ῶσπερ
775 1220 953 1316 ἐπιληψίας
972 1221 1158 1318 ἀρχομένης
1178 1247 1304 1291 συναισ-

108 1346 331 1442 θανομένους,
359 1349 410 1418 ίνα
438 1349 485 1443 μὴ
512 1349 687 1442 πέσωμεν,
716 1348 840 1442 μᾶλλον
868 1347 895 1418 δ’
915 1351 1137 1443 ἐπιπέσωμεν.

162 1484 253 1578 Pag.
278 1504 354 1573 479
373 1484 413 1554 B.
432 1482 594 1555 sinistras
613 1483 660 1554 de
680 1477 852 1577 cognatis
871 1483 1108 1578 suspitiones‚
1130 1509 1306 1557 nonnum-

110 1638 221 1709 quam
258 1615 307 1684 ad
344 1613 522 1684 malorum
549 1612 734 1684 hominum
762 1613 1066 1686 consuetudinem
1094 1639 1162 1686 nos
1182 1613 1306 1708 impel-

110 1745 249 1828 lentes,
277 1741 471 1838 comparat
490 1768 574 1815 cum
593 1744 742 1828 morbo,
762 1743 1024 1838 appetitionem
1043 1746 1305 1817 damnosorum

112 1873 277 1946 ciborum
316 1872 565 1968 ingeneranti:
607 1883 652 1953 ὡς
693 1876 753 1972 γὰρ
794 1881 827 1947 αἱ
865 1872 953 1946 νόσοι
987 1883 1053 1954 τοῖς
1089 1878 1220 1969 σώμασι
1257 1876 1304 1970 μὴ

110 2007 333 2102 προςιεμένοις
359 2006 395 2074 τό
419 2007 533 2074 οἰκεῖον
552 2006 684 2074 πολλῶν
704 2007 891 2098 ἐμποιοῦσιν
911 2004 1041 2073 ἀτόπων
1059 2005 1112 2074 καὶ
1132 2002 1303 2103 βλαβερῶν

115 2133 253 2229 ὀρέξεις,
290 2131 392 2210 ούτως
428 2136 450 2229 ἡ
487 2136 567 2229 πρός
607 2134 642 2202 τό
684 2131 834 2226 σογγενές
871 2130 1008 2230 διαβολὴ
1041 2132 1094 2201 καλ
1121 2134 1303 2229 ύπόφρασις

113 2262 241 2355 ὁμιλίας
279 2260 436 2356 ἐπάγεται
472 2258 600 2355 φαύλας
631 2261 684 2330 καλ
710 2258 856 2356 πονηρὰς
885 2262 941 2338 εἰς
958 2260 994 2329 τό
1023 2260 1153 2338 ἐλλιπὲς
1181 2257 1305 2339 ἔξωθεν

113 2388 338 2485 ἐπιρρεούσας.

165 2517 257 2610 Pag.
288 2538 359 2609 537
388 2518 433 2588 A.
454 2515 650 2601 invidiam,
675 2540 773 2612 quae
794 2514 962 2588 omnibus
980 2514 1179 2609 splendidis
1197 2516 1308 2586 rebus

112 2645 328 2731 offenditur,
372 2659 564 2741 comparat
604 2671 687 2718 cum
728 2645 815 2718 vitio
857 2645 1066 2717 oculorum:
1108 2651 1124 2717 ὁ
1165 2644 1308 2741 φθόνος,

112 2775 263 2874 καθάπερ
292 2775 482 2872 ὀφθαλμία,
509 2779 589 2875 πρός
618 2776 704 2847 όίπαν
731 2780 767 2848 τό
794 2778 944 2873 λαμπρόν
972 2776 1262 2872 ἐκταρασσόμενος.

164 2905 257 2998 Pag.
294 2910 338 2994 61
379 2905 419 2975 F.
453 2905 704 2997 adulatorem,
732 2903 856 2999 pravis
883 2901 990 2974 animi
1016 2900 1308 2973 inclinationibus

111 3060 152 3107 se
193 3033 442 3128 applicantem
483 3047 676 3128 comparat
717 3059 799 3106 cum
841 3048 1004 3118 tumore,
1051 3031 1231 3104 morbosis
1271 3044 1309 3103 et

111 3164 343 3236 inflammatis
384 3164 548 3259 corporis
589 3163 755 3259 partibus
796 3161 1030 3235 adnascenti:
1079 3168 1095 3234 ὁ
1137 3163 1172 3233 δέ
1212 3163 1308 3242 κόλαξ

112 3295 251 3392 ποίρεστι
288 3295 442 3366 ἑκάστοτε
478 3296 643 3394 βουβῶνος
680 3297 771 3391 δίκην
798 3302 863 3372 τοῖς
892 3292 1044 3371 ὑπούλοις
1071 3293 1125 3362 καὶ
1153 3292 1310 3386 φλεγμαί-

114 3451 204 3494 νουσι
230 3431 290 3520 τῆς
318 3425 426 3520 ψυχῆς
454 3424 704 3517 ἐπιγιγνόμενος.

166 3553 257 3646 Pag.
297 3557 365 3640 164
396 3551 434 3631 F.
461 3549 569 3621 animi
596 3574 759 3634 erroreS‚
787 3547 1066 3644 perturbatione
1094 3546 1309 3630 comitante,

113 3680 394 3776 periculosiores
413 3704 495 3752 esse
515 3679 618 3762 dicit,
640 3703 860 3774 comparans
879 3703 945 3750 eos
965 3703 1047 3749 cum
1066 3675 1309 3748 laxationibus

114 3826 279 3895 artuum,
321 3812 526 3882 accedente
562 3810 733 3881 vulnere:
773 3808 925 3907 καθάπερ
954 3814 988 3880 αἱ
1016 3807 1098 3903 μετὰ
1124 3806 1307 3901 τραύματος

116 3942 249 4041 ἐκβολαὶ
283 3950 348 4010 τῶν
384 3940 532 4038 ἄρθρων,
568 3938 670 4018 ούτως
707 3944 740 4010 αί
767 3939 850 4033 μετὰ
877 3936 1004 4016 πάθους
1032 3935 1222 4032 διαστροφαὶ
1248 3943 1308 4029 τῆς

116 4073 226 4167 ψυχῆς
254 4071 496 4167 χαλεπώτεραι.

167 4198 259 4292 Pag.
307 4202 352 4287 84
394 4198 440 4268 A.
480 4196 649 4290 vitiorum
690 4194 927 4267 mutationem
968 4192 1002 4262 in
1043 4191 1308 4263 tolerabiliores

115 4327 332 4400 affectiones
358 4327 503 4422 signum
531 4350 612 4397 esse
640 4324 726 4397 dicit
752 4322 940 4418 profectus
967 4320 1000 4391 in
1032 4319 1182 4405 virtute,
1210 4345 1308 4391 com-
