2834 4964
669 261 735 330 1¹5

109 441 287 541 suggessit
305 467 394 538 pag.
422 464 466 536 53
493 444 559 529 D.‚
580 443 643 516 ubi
666 444 899 516 adulatorem
920 469 1003 516 cum
1018 445 1296 519 chamaeleonte

115 575 257 650 confert:
289 579 306 645 ό
334 574 371 645 δὲ
398 575 497 655 κολαξ
525 575 677 671 ἀτεχνῶς
704 578 741 646 τδ
768 582 825 646 τοῦ
854 577 1096 671 χαμαιλέοντος
1114 579 1295 649 πέπονθεν.

119 705 225 783 ἐκεῖνός
250 731 286 775 τε
316 703 377 801 γὰρ
402 704 517 800 ἁπάσῃ
538 706 624 800 χρόογ
650 705 740 799 πλὴν
769 710 825 774 τοῦ
854 705 972 774 λευκοῦ
1003 713 1297 802 συναφομοιοῦται,

121 832 204 903 καλό
228 832 325 911 κόλαξ
352 833 387 900 ἐν
414 839 480 910 τοῖς
508 832 608 911 ἀξίοις
636 832 781 927 σπουδῆς
810 831 921 927 όμοιον
952 835 1069 903 ἑαυτδν
1090 834 1297 913 ἐξαδυνατῶν

123 961 279 1056 παρέχειν,
307 960 400 1030 οῦδὲν
429 960 605 1031 ἀπολείπει
632 968 697 1030 τῶν
726 963 875 1058 αἰσχρῶν
905 961 1085 1057 ἀμίμητον.

167 1085 243 1158 Item
268 1085 303 1156 in
331 1085 407 1159 vita
435 1085 640 1160 Alcibiadis
669 1112 698 1159 c.
730 1111 775 1178 23
806 1111 894 1182 pag.
929 1111 999 1179 203
1030 1091 1069 1160 B.
1084 1089 1299 1164 Alcibiades

125 1213 234 1287 dicitur
265 1215 345 1311 ipso
382 1218 661 1290 chamaeleonte
698 1218 734 1289 in
772 1220 952 1291 mutanda
988 1219 1105 1292 forma
1145 1221 1300 1294 celerior

126 1341 233 1418 luisse:
267 1349 422 1445 ὀξυτέρας
448 1350 646 1446 τρεπόμενος
673 1349 796 1447 τροπὰς
823 1355 882 1420 τοῦ
909 1352 1159 1446 χαμαιλέοντος.

123 1465 126 1471 ’
171 1473 200 1545 Α
232 1479 450 1571 serpentibus
489 1501 639 1571 quoque
681 1477 900 1550 Plutarchus
936 1477 1093 1551 subinde
1120 1479 1299 1576 imagines

129 1602 336 1702 deprompsit.
391 1606 450 1678 Sic
486 1631 573 1701 pag.
608 1612 684 1699 564
715 1607 756 1678 Ε.
799 1605 886 1679 dicit
924 1608 1121 1682 nonnullas
1148 1612 1299 1684 umbras

129 1730 217 1826 nigris
248 1735 343 1809 notis
377 1735 585 1832 viperarum
612 1736 728 1809 instar
755 1753 999 1833 compunctas
1026 1763 1126 1811 esse:
1159 1742 1299 1839 ἄλλους,

131 1861 219 1964 όιστερ
242 1872 272 1939 οἱ
297 1869 405 1964 ἔχεις,
433 1868 624 1963 μελάσμασι
651 1871 934 1964 κατεστιγμένους.

170 1991 287 2066 lterum
322 1994 636 2089 comparationem
665 2020 687 2067 a
715 1995 848 2090 viperis
883 1997 1030 2068 ductam
1069 1998 1184 2070 habet
1210 2024 1298 2094 pag.

133 2125 185 2210 567
209 2125 262 2211 B.‚
293 2123 353 2197 ubi
380 2123 429 2197 ait
457 2124 594 2198 animas
623 2124 747 2209 binas,
792 2139 916 2198 ternas
947 2127 1146 2200 autetiam
1175 2129 1299 2223 plures

132 2253 341 2348 complicatas
364 2278 465 2326 esse:
481 2255 601 2354 ψυχάς,
616 2256 729 2354 ῶσπερ
748 2257 807 2335 τὰς
827 2258 973 2353 ἐχίδνας,
988 2261 1298 2356 περιπεπλεγμένας

131 2377 220 2455 σόνδυο
244 2385 299 2456 καί
327 2384 474 2483 σύντρεις
501 2384 556 2454 καί
582 2385 748 2463 πλείονας.

168 2509 245 2606 Pag.
277 2533 349 2606 517
379 2512 419 2583 F.
447 2510 711 2596 curiositatem,
734 2512 881 2585 omnino
899 2512 935 2585 in
951 2515 1054 2587 malis
1068 2529 1298 2600 versantem,

128 2656 292 2736 comparat
318 2667 401 2720 cum
425 2655 612 2736 serpente,
636 2666 783 2736 semper
796 2642 831 2713 in
846 2643 945 2716 letali
959 2644 1113 2740 degenti
1127 2645 1296 2718 materia:

127 2768 149 2835 εί
173 2769 216 2842 δεῖ
239 2774 374 2854 πάντως
400 2776 436 2844 τδ
463 2776 634 2870 περίεργον
659 2775 694 2843 ἐν
727 2773 865 2869 φαόλυις
897 2776 980 2845 τισίν
1010 2776 1124 2873 ῶσπερ
1155 2780 1293 2874 ἑρπετόν

125 2893 152 2962 ἐν
173 2895 358 2997 θανασίμοις
385 2899 477 2980 ῦλαις
504 2901 557 2972 ἀεί
585 2901 747 2997 νέμεσθαι
776 2903 830 2973 καί
858 2904 1055 3005 διατρίβειν,
1082 2933 1112 2975 κ.
1140 2932 1169 2975 τ.
1199 2907 1228 2976 λ.

164 3023 320 3124 Denique
356 3027 481 3123 imago
519 3053 541 3100 a
575 3043 747 3124 serpente
784 3030 901 3124 petita
936 3045 992 3103 est
1028 3031 1061 3103 in
1089 3031 1164 3105 vita
1191 3033 1297 3106 Arati

122 3174 146 3221 c.
170 3161 208 3228 26
233 3182 322 3253 pag.
357 3181 450 3249 1039
479 3158 536 3245 C.,
566 3159 628 3232 ubi
655 3175 833 3256 tyrannus
846 3160 1072 3257 Aristippus,
1089 3187 1110 3233 e
1127 3163 1295 3237 cubiculo

120 3281 343 3375 descendens,
368 3266 454 3360 ¹curn
483 3304 673 3384 serpente,
702 3315 748 3362 ex
775 3303 882 3362 antro
914 3292 1299 3388 prorepenti‚confer-

120 3423 182 3484 tur:
205 3418 359 3518 τόραννον
386 3420 499 3518 ῶσπερ
527 3422 664 3518 ἑρπετδν
693 3423 730 3491 ἐκ
758 3424 891 3517 φωλεοῦ
921 3425 1172 3521 κατερχόμενον.

159 3544 314 3619 Aliorum
350 3572 498 3642 quoque
539 3547 747 3620 animalium
791 3563 898 3622 antra
938 3549 973 3621 in
1020 3552 1295 3647 comparatione

116 3676 326 3767 reperiuntur
361 3702 448 3773 pag.
488 3684 557 3768 169
596 3679 657 3763 E.‚
694 3679 755 3751 ubi
781 3680 1022 3774 superstitiosi
1049 3682 1216 3754 dicuntur
1242 3682 1293 3755 ire

113 3803 154 3875 ad
184 3807 317 3903 templa
352 3809 580 3904 delubraque
614 3810 788 3895 deorum,
816 3836 891 3882 non
920 3811 1026 3883 aliter
1053 3836 1162 3906 quam
1190 3811 1219 3883 si
1246 3814 1295 3884 ad

112 3958 260 4010 ursorum
289 3963 424 4011 caveas
451 3953 515 4011 aut
541 3940 743 4011 draconum
771 3940 903 4013 foveas
927 3955 1141 4015 cetorumve
1160 3967 1294 4038 specus

108 4063 206 4138 irent:
241 4070 316 4140 τότε
348 4069 409 4167 γὰρ
438 4069 634 4141 ἀθλιώτατα
661 4071 715 4142 καί
743 4071 881 4142 κάκιστα
913 4073 1107 4170 πράττουσιν
1136 4078 1167 4143 οῖ
1194 4073 1291 4144 δεισι-

107 4195 267 4293 δαίμονες,
295 4197 408 4296 ῶσπερ
436 4198 565 4296 ἄρκτων
594 4200 736 4294 φωλεοῖς
755 4201 777 4295 ἢ
798 4208 906 4296 χειαῖς
925 4201 1111 4298 δρακόντων
1131 4203 1153 4297 ἢ
1179 4209 1294 4298 μυχοῖς

106 4332 208 4420 κητῶν
234 4333 300 4405 τοῖς
327 4326 387 4420 μὲν
415 4326 505 4397 θεῶν
533 4326 687 4424 μεγάροις
715 4328 736 4423 ἢ
766 4328 956 4425 ἀνακτόροις
983 4328 1179 4425 προςιόντες.
