2834 4964
702 210 769 277 124

181 393 293 467 -Vz'tz's
320 418 470 489 quoque
498 406 536 465 et
563 397 695 466 vitium
722 395 871 465 cultura
898 418 1175 489 nonnumquam
1205 409 1339 467 nostro

137 523 451 620 comparationum
480 549 608 597 ansam
636 525 826 596 dederunt.
861 523 920 597 Sic
947 548 1036 619 pag.
1070 545 1110 616 15
1142 525 1182 595 F.
1211 523 1341 618 poesis

136 679 220 727 cum
248 654 320 728 vite
348 669 592 749 comparatur.
648 655 748 727 Nam
775 653 804 726 si
818 653 912 728 'vitis
934 653 1093 728 silvescit
1120 651 1338 752 (ὑλομανεῖ),

135 784 154 856 i.
170 810 199 857 e.
228 809 295 879 per
322 782 497 858 luxuriem
525 798 563 859 et
576 784 836 857 fecunditatem
865 783 996 879 stirpes
1010 783 1179 879 frugibus
1195 809 1338 856 nocen-

136 929 192 987 tes
232 913 391 1009 profert,
426 916 591 1009 putanda
632 929 706 1001 est,
748 940 822 987 non
863 914 1120 987 exscindenda.
1190 915 1340 986 Eodem

137 1046 248 1117 modo
276 1044 325 1116 ait
352 1044 589 1140 philosophus
608 1043 685 1143 μηδ’
700 1049 798 1141 ἡμεῖς
826 1045 881 1117 οὖν
903 1046 963 1141 τὴν
990 1046 1167 1141 ποιητικὴν
1189 1047 1339 1142 ἡμερίδα

135 1176 358 1269 ἐκκόπτωμεν,
390 1174 474 1268 ἀλλ’,
502 1175 582 1246 ὅπου
611 1175 670 1268 μὲν
699 1177 875 1270 ὑλομανεῖ,
901 1177 938 1244 τδ
966 1172 1119 1268 μυθῶδες
1147 1175 1253 1270 αὐτῆς
1272 1173 1338 1273 καλ

135 1303 307 1401 θεατρικδν
335 1303 633 1405 ἐπιλαμβανόμενοι
655 1303 856 1398 κολούωμεν.

188 1431 322 1503 lterum
362 1430 492 1525 poesin
519 1455 602 1502 cum
628 1429 709 1502 vite·
730 1442 922 1524 comparat
944 1453 1031 1524 pag.
1059 1433 1105 1500 28
1125 1427 1186 1498 E.:
1215 1430 1336 1527 ὥσπερ

136 1563 170 1631 έν
198 1562 349 1656 ἀμπέλου
376 1560 510 1656 φύλλοις
528 1562 581 1632 καλ
599 1561 765 1657 κλήμασιν
790 1559 968 1632 εὐθαλοῦσι
987 1559 1143 1638 πολλάκις
1162 1563 1178 1629 ό
1205 1562 1335 1656 καρπδς

136 1675 377 1787 ἀποκρύπτεται
416 1690 468 1761 καλ
504 1690 662 1761 λανθάνει
698 1690 1013 1784 κατασκιαζόμενος,
1033 1681 1145 1766 ὀύτως
1174 1690 1209 1757 έν
1236 1715 1338 1784 ποιη-

135 1825 210 1916 τικῇ
241 1819 327 1898 λέξει
353 1819 407 1890 καὶ
435 1817 624 1914 μυθεύμασι
650 1821 919 1915 περικεχυμένοις
945 1817 1053 1888 πολλὰ
1081 1815 1251 1913 διαφεύγει
1281 1819 1337 1886 τδν

135 1949 206 2016 νέον
243 1947 398 2043 ὠφέλιμα
433 1947 487 2018 καλ
517 1947 687 2044 χρήσιμαφ
715 1945 734 2016 i.
762 1970 793 2017 e.
821 1944 914 2017 sicut
940 1943 1034 2016 inter
1061 1943 1142 2016 vitis
1170 1943 1256 2016 folia
1288 1969 1335 2016 ac

135 2075 303 2170 palmites
331 2075 502 2170 copiosos
521 2100 634 2171 saepe
655 2075 862 2148 occultatur
879 2075 1017 2147 fructus
1036 2075 1180 2168 subque
1201 2076 1335 2147 umbra

136 2207 245 2292 latet,
273 2206 322 2278 ita
349 2206 383 2277 in
412 2206 570 2278 dictione
597 2205 745 2301 poetica
773 2219 809 2277 et
837 2196 1211 2277 fabulis'circumfusis
1232 2229 1335 2276 com-

137 2338 248 2409 moda
276 2337 389 2408 multa
417 2349 454 2408 et
482 2335 579 2408 utilia
607 2336 881 2408 adolescentem
908 2348 1156 2429 praetereunt.

189 2468 280 2560 Pag.
317 2471 385 2556 138
413 2466 454 2537 E.
481 2465 516 2537 in
545 2465 801 2561 coniugalibus
823 2463 1032 2560 praeceptis
1052 2477 1247 2558 comparat
1266 2488 1336 2536 eos

137 2595 198 2690 qui
231 2595 364 2690 primas
392 2594 572 2690 virginum
600 2595 845 2668 dissensiones
873 2620 947 2668 non
975 2593 1153 2667 sustinent
1181 2619 1265 2666 cum
1294 2593 1335 2666 iis

136 2726 197 2820 qui
232 2725 446 2799 immaturae
484 2725 613 2798 offensi
645 2750 740 2798 uvae
768 2750 902 2820 sapore
931 2738 1093 2797 maturas
1122 2723 1198 2797 aliis
1226 2723 1334 2795 relin-

136 2870 267 2950 quunt:
295 2862 326 2929 οῐ
352 2858 387 2929 δὲ
414 2858 472 2937 τὰς
497 2857 630 2955 πρώτας
657 2865 722 2928 τῶν
749 2856 924 2954 παρθένων
952 2855 1110 2953 διαφορὰς
1129 2856 1175 2951 μὴ
1197 2857 1332 2948 ὑπομεί-

135 3013 247 3066 ναντες
282 2988 375 3058 οὐδὲν
408 2988 623 3058 ἀπολείπουσι
650 2993 715 3056 τῶν
742 2985 796 3056 διὰ
823 2987 876 3055 τδν
903 2986 1037 3080 όμφακα
1064 2984 1125 3080 τὴν
1153 2984 1332 3078 σταφυλὴν

136 3117 257 3212 ἑτέροις
284 3118 501 3213 προϊεμένων.
555 3115 681 3186 Ducta
717 3126 772 3195 est
804 3111 1031 3207 comparatio
1059 3135 1081 3183 a
1108 3109 1329 3206 proverbio:

136 3242 270 3322 Σικελός
297 3245 524 3339 ὀμφακύζεται.
580 3242 632 3315 Cf.
660 3243 796 3315 Zenob.
824 3242 866 3328 V,
888 3266 945 3332 34.
984 3241 1145 3336 Diogen.
1160 3239 1251 3325 Vlss,
1273 3264 1328 3332 15.

137 3371 234 3444 Suid.
275 3396 301 3442 s.
343 3398 376 3443 ν.
417 3371 569 3453 Σικελόςι
610 3374 808 3471 μετήνεκται
844 3373 870 3443 δ’
898 3374 964 3444 ἀπδ
999 3380 1064 3443 τῶν
1097 3370 1243 3442 Σικελῶν
1272 3371 1331 3451 τὰς

135 3503 303 3605 ἀβρώτους
330 3503 481 3599 όμφακας
508 3504 721 3574 κλεπτόντων.
774 3501 1029 3574 Aristaenetus
1043 3501 1110 3594 Ep.
1131 3499 1180 3584 ΙΙ,
1204 3520 1223 3606 7
1246 3524 1330 3593 pro-

134 3631 297 3705 verbium
336 3644 486 3724 usurpat
519 3631 567 3702 de
595 3640 760 3703 amatore
788 3630 939 3727 virginis
966 3632 1129 3703 nondum
1157 3629 1328 3711 adultae,

136 3762 236 3835 cuius
270 3762 360 3833 hera
397 3760 429 3832 ei
465 3759 603 3833 obiicit:
638 3760 769 3842 Σικελός
797 3761 1042 3859 όμφακύζεσθαι
1070 3762 1194 3852 δοκεῖς,
1223 3787 1328 3858 παρα-

134 3900 258 3991 τρυγῶν
298 3893 522 3990 παιδισκάριον
563 3892 618 3962 καὶ
658 3898 714 3962 τοῦ
754 3892 939 3989 φιλήματος
966 3891 1107 3987 ἀμαθές.
1163 3888 1330 3962 Conferri

135 4046 283 4116 quoque
321 4034 444 4116 potest
484 4020 614 4092 Horat.
657 4018 727 4093 Od.
770 4020 817 4102 II,
852 4045 892 4112 5,
922 4043 962 4109 9:
996 4020 1083 4092 tolle
1109 4017 1328 4112 cupidinem

134 4150 273 4223 immitis
302 4175 406 4223 uvae.

184 4280 315 4353 Vitium
343 4282 502 4353 cultores
529 4279 700 4375 stirpibus
727 4279 850 4353 vitium
878 4280 1102 4373 pedamenta
1131 4303 1323 4398 apponere
