2834 4964
683 251 729 337 84

111 454 202 527 αίιτολ
241 456 277 525 το
318 451 466 551 άγκάριον
507 453 666 551 ἀράμενοι
706 453 957 552 μεθωρμίσαντο
996 456 1071 535 τοὺς
1117 457 1205 558 βίους
1247 486 1284 530 κα
1314 471 1348 517 :

111 584 315 676 μετέστησαν
342 585 372 651 οἱ
399 582 458 676 μέν
488 585 533 661 εἰς
563 578 712 678 Ἀθήνας
739 587 770 653 οἱ
796 583 832 653 δέ
860 584 893 663 ἐξ
923 579 1090 679 Ἀθηνῶν.

110 717 276 790 Similiter
301 716 413 791 vitam
442 742 525 790 cum
553 742 649 790 nave
677 719 819 790 confert
846 743 934 813 pag.
966 740 1034 812 751
1068 721 1132 802 D.,
1162 720 1226 793 ubi
1252 723 1296 794 de
1323 748 1348 778 ⁴-

109 847 247 921 Solone
288 845 390 919 dicit:
433 848 546 945 ῶσπερ
582 850 618 918 έκ
655 848 759 944 ζάλης
794 849 847 919 καὶ
883 858 1046 945 χειμῶνος
1087 858 1155 923 τῶν
1197 853 1299 923 παιδι-

106 987 172 1049 κῶν
190 1061 193 1068 ,
214 977 346 1075 ἐρώτων
387 978 421 1048 έν
461 1003 520 1047 τινι
558 976 689 1073 γαλήνη
729 983 774 1074 τη
810 977 885 1074 περὶ
911 979 965 1048 tbi
986 978 1096 1072 -γάμον
1128 980 1182 1050 καὶ
1209 982 1297 1076 φιλο-

106 1109 223 1202 σοφίαν
264 1105 403 1201 θέμενος
442 1108 496 1177 τὸν
533 1106 612 1207 βίον.
648 1102 668 1175 i.
712 1128 742 1176 e.
784 1103 859 1177 vita
891 1104 1004 1177 veluti
1039 1120 1227 1181 exaestu
1263 1123 1298 1180 et

106 1247 326 1329 tempestate
353 1232 543 1329 puerilium
562 1257 729 1307 amorum
748 1232 782 1305 in
802 1233 1063 1328 tranquillitate
1083 1236 1301 1311 matrimonii

106 1378 145 1437 et
170 1363 422 1460 philosophiae
451 1363 644 1436 collocata.
673 1363 723 1436 cf.
752 1364 843 1436 Plat.
871 1364 967 1459 Rep.
994 1365 1066 1451 VI,
1102 1390 1156 1438 10.

157 1495 249 1588 Pag.
267 1517 336 1584 321
358 1493 396 1566 C.
424 1495 513 1565 urbs
542 1494 681 1580 Roma,
700 1507 836 1566 vexata
859 1493 1059 1569 vicinorum
1074 1520 1120 1568 ac
1136 1497 1302 1570 finitimo·

24 1686 25 1690 ,
104 1649 183 1696 rum
211 1623 301 1699 odiis
328 1637 440 1718 atque
467 1622 670 1708 inimicitiis,
699 1638 936 1719 comparatur
963 1648 1048 1697 cum
1079 1651 1195 1714 nave,
1216 1653 1300 1700 exa-

104 1753 221 1849 gitata
247 1753 459 1825 turbulento
488 1766 595 1826 aestu
624 1755 921 1848 conturbatoque
951 1753 1057 1826 mari:
1085 1756 1241 1856 καθάπερ
1269 1762 1305 1830 εν

28 1938 31 1945 .
104 1885 241 1956 κλύδωνι
277 1883 409 1982 θολερῷ
444 1884 497 1954 καί
523 1887 757 1981 τεταραγμένῳ
785 1885 941 1981 πελάγει,
968 1894 1012 1982 τη
1038 1895 1104 1956 τῶν
1132 1890 1301 1984 παροίκων

104 2015 156 2084 καὶ
183 2015 334 2110 γειτόνων
362 2013 471 2110 έχθρογ
498 2014 552 2083 καί
578 2013 782 2110 χαλεπότητι
808 2014 868 2109 την
896 2014 989 2085 πάλιν
1023 2017 1223 2111 φερομένην.

155 2148 579 2244 Pag.321D.anavium
591 2148 831 2221 fabricatione
842 2149 1053 2244 elegantem
1063 2149 1303 2247 philosophus

104 2280 206 2353 duxit
225 2279 549 2376 comparationem.
578 2279 677 2352 Dicit
700 2305 833 2375 nempe
849 2281 1024 2367 Romam,
1041 2282 1155 2353 multo
1170 2281 1301 2354 labore

104 2412 303 2484 aRornulo
319 2409 520 2496 conditam,
544 2435 618 2482 non
642 2409 780 2497 statim,
799 2423 996 2506 postquam
1013 2410 1162 2483 condita
1183 2426 1303 2498 esset,

104 2541 281 2614 sustinere
310 2539 481 2613 debuisse
509 2539 606 2612 bella
633 2555 671 2612 et
698 2540 876 2635 pericula,
906 2543 973 2613 sed
1000 2555 1146 2636 tempus
1174 2541 1208 2613 ei
1228 2567 1301 2614 non

103 2670 262 2743 defuisse
289 2669 415 2743 virium
444 2671 797 2753 confirmandarum,
828 2695 1049 2765 comparans
1068 2695 1150 2743 eam
1169 2673 1301 2744 urbem

32 2807 34 2810 ’
105 2825 185 2873 cum
225 2825 320 2872 nave
358 2799 525 2872 oneraria
554 2813 619 2872 aut
655 2799 807 2887 triremi,
839 2826 967 2896 quam,
995 2800 1031 2875 vi
1059 2802 1173 2873 multa
1203 2827 1303 2874 com-

103 2945 271 3026 pactam,
320 2928 458 3002 malleis
495 2929 608 3002 clavis
645 2930 770 3003 cuneis
815 2931 922 3004 serris
968 2930 1158 3004 securibus
1200 2933 1302 3004 adhi-

103 3061 203 3147 bitis,
231 3075 330 3133 stare
357 3061 406 3132 ad
434 3074 573 3133 certum
601 3074 747 3156 tempus
766 3086 919 3134 necesse
938 3076 995 3133 est
1013 3075 1051 3134 et
1070 3061 1303 3148 coalescere,

103 3192 190 3262 dum
232 3190 375 3263 vincula
415 3192 637 3262 roborentur
677 3203 715 3262 et
756 3190 850 3263 clavi
890 3193 1099 3275 firmentur;
1140 3194 1246 3287 quod
1275 3193 1304 3266 si

63 3365 65 3371 ι
102 3320 240 3394 recenti
275 3321 396 3393 adhuc
433 3335 470 3392 et
496 3319 636 3393 lubrica
664 3345 852 3415 compage
878 3320 913 3392 in
941 3346 1041 3394 mare
1069 3323 1302 3410 deduceres,

103 3450 224 3523 omnia
252 3473 435 3524 concussu
461 3450 673 3523 fatiscerent
700 3464 738 3522 et
765 3475 899 3545 aquam
928 3451 1131 3524 admissura
1159 3468 1304 3526 essent:

103 3583 216 3679 ὥσπερ
243 3582 304 3680 γὰρ
332 3581 428 3660 ὁλκὰς
454 3583 477 3677 ἢ
505 3581 643 3679 τριήρης
671 3589 886 3678 ναυπηγεῖται
914 3583 973 3676 μὲν
1001 3585 1064 3653 dub
1087 3583 1228 3678 πληγῶν
1247 3587 1303 3655 καί

57 3722 60 3729 ’
103 3710 175 3811 βίας
211 3712 358 3806 πολλῆς,
395 3710 531 3807 σφύραις
566 3710 619 3779 καί
655 3709 746 3806 ἥλοις
775 3711 985 3807 ἀρασσομένη
1014 3712 1067 3781 καλ
1093 3714 1301 3807 γομφώμασι

102 3841 155 3909 καί
181 3842 289 3936 πρίοσι
316 3841 369 3909 καί
394 3839 567 3933 πελέκεσι,
594 3839 771 3933 γενομένην
798 3838 834 3907 δέ
862 3846 976 3934 στῆναι
1004 3839 1056 3910 θεῖ
1078 3840 1131 3909 καὶ
1149 3848 1304 3937 παγῆναι

104 3967 287 4065 σύμμετρον
327 3968 460 4064 χρόνον,
501 3966 565 4044 ἕως
601 3967 635 4036 οἵ
666 3991 702 4036 τε
738 3966 852 4059 δεσμοί
887 3967 1019 4062 κάτοχοι
1055 3970 1211 4061 γένωνται
1246 3971 1302 4040 καί

104 4095 279 4191 συνήθειαν
315 4100 346 4165 οἱ
380 4097 499 4191 γόμφοι
526 4094 690 4194 λάβωσιν,
719 4094 775 4164 εὀλν
803 4093 829 4165 θ’
848 4097 953 4192 ὑγροῖς
980 4096 1028 4164 ’ἔτι
1055 4095 1107 4165 καλ
1134 4098 1303 4192 περιολισ·

104 4223 239 4294 θάνοοσι
278 4232 343 4302 τοῖς
379 4227 493 4320 ἁρμοῖς
530 4222 772 4321 κατασπασθῇ,
808 4224 914 4294 πάντα
954 4223 1095 4319 χαλάσει
1136 4224 1305 4322 διατιναχ-

103 4350 204 4422 θέντα
230 4352 283 4422 καί
309 4353 434 4431 δέξεται
460 4352 520 4447 τὴν
548 4351 724 4424 θάλατταν·
754 4350 838 4422 οὕτω
865 4353 925 4447 τὴν
951 4347 1088 4449 Ῥώμην
1115 4379 1143 4421 κ.
1172 4379 1200 4422 τ.
1231 4355 1261 4424 λ.
