<?xml version="1.0" encoding="UTF-8"?>
<!DOCTYPE html PUBLIC "-//W3C//DTD XHTML 1.0 Transitional//EN"
    "http://www.w3.org/TR/xhtml1/DTD/xhtml1-transitional.dtd">
<html xmlns="http://www.w3.org/1999/xhtml" xml:lang="en" lang="en">
 <head>
  <title>
</title>
<meta http-equiv="Content-Type" content="text/html;charset=utf-8" />
  <meta name='ocr-system' content='tesseract 3.04.00' />
  <meta name='ocr-capabilities' content='ocr_page ocr_carea ocr_par ocr_line ocrx_word'/>
</head>
<body>
  <div class='ocr_page' id='page_1' title='image "./decomparationib00drongoog_0045.png"; bbox 0 0 2834 4964; ppageno 0'>
   <div class='ocr_carea' id='block_1_1' title="bbox 667 225 723 319">
    <p class='ocr_par' dir='ltr' id='par_1_1' title="bbox 667 225 723 319">
     <span class='ocr_line' id='line_1_1' title="bbox 667 225 723 319; baseline 0.018 -28"><span class='ocrx_word' id='word_1_1' title='bbox 667 225 723 319; x_wconf 15' lang='lat'>⁴28</span> 
     </span>
    </p>
   </div>
   <div class='ocr_carea' id='block_1_2' title="bbox 102 426 1314 3640">
    <p class='ocr_par' dir='ltr' id='par_1_2' title="bbox 102 426 1314 1559">
     <span class='ocr_line' id='line_1_2' title="bbox 103 426 1314 526; baseline 0.001 -26"><span class='ocrx_word' id='word_1_2' title='bbox 103 428 262 512; x_wconf 61' lang='lat' dir='ltr'>addens</span> <span class='ocrx_word' id='word_1_3' title='bbox 291 452 375 500; x_wconf 92' lang='lat' dir='ltr'>eum</span> <span class='ocrx_word' id='word_1_4' title='bbox 401 426 674 523; x_wconf 84' lang='lat' dir='ltr'>prudentiorem</span> <span class='ocrx_word' id='word_1_5' title='bbox 702 426 828 512; x_wconf 86' lang='lat' dir='ltr'>fuisse,</span> <span class='ocrx_word' id='word_1_6' title='bbox 856 452 966 522; x_wconf 88' lang='lat' dir='ltr'>quam</span> <span class='ocrx_word' id='word_1_7' title='bbox 982 426 1045 522; x_wconf 89' lang='lat' dir='ltr'>qui</span> <span class='ocrx_word' id='word_1_8' title='bbox 1063 428 1314 526; x_wconf 84' lang='lat' dir='ltr'>chlamydem</span> 
     </span>
     <span class='ocr_line' id='line_1_3' title="bbox 104 556 1313 652; baseline 0.001 -22"><span class='ocrx_word' id='word_1_9' title='bbox 104 557 328 630; x_wconf 83' lang='lat' dir='ltr'>unicolorem</span> <span class='ocrx_word' id='word_1_10' title='bbox 374 557 633 640; x_wconf 80' lang='lat' dir='ltr'>admiraretur,</span> <span class='ocrx_word' id='word_1_11' title='bbox 683 556 843 629; x_wconf 86' lang='lat' dir='ltr'>tunicam</span> <span class='ocrx_word' id='word_1_12' title='bbox 890 556 1025 652; x_wconf 87' lang='lat' dir='ltr'>punica</span> <span class='ocrx_word' id='word_1_13' title='bbox 1064 571 1313 651; x_wconf 81' lang='lat' dir='ltr'>praetextam</span> 
     </span>
     <span class='ocr_line' id='line_1_4' title="bbox 102 685 1312 782; baseline 0 -22"><span class='ocrx_word' id='word_1_14' title='bbox 102 701 355 760; x_wconf 89' lang='lat' dir='ltr'>contemneret</span> <span class='ocrx_word' id='word_1_15' title='bbox 390 686 608 782; x_wconf 87' lang='lat' dir='ltr'>infantisque</span> <span class='ocrx_word' id='word_1_16' title='bbox 636 685 671 757; x_wconf 94' lang='lat' dir='ltr'>in</span> <span class='ocrx_word' id='word_1_17' title='bbox 709 711 848 758; x_wconf 89' lang='lat' dir='ltr'>morem</span> <span class='ocrx_word' id='word_1_18' title='bbox 876 711 959 758; x_wconf 91' lang='lat' dir='ltr'>eum</span> <span class='ocrx_word' id='word_1_19' title='bbox 987 686 1163 761; x_wconf 90' lang='lat' dir='ltr'>retineret</span> <span class='ocrx_word' id='word_1_20' title='bbox 1192 689 1312 762; x_wconf 88' lang='lat' dir='ltr'>vesti-</span> 
     </span>
     <span class='ocr_line' id='line_1_5' title="bbox 103 816 1312 912; baseline 0.002 -23"><span class='ocrx_word' id='word_1_21' title='bbox 103 831 198 903; x_wconf 90' lang='lat' dir='ltr'>tum,</span> <span class='ocrx_word' id='word_1_22' title='bbox 243 842 353 912; x_wconf 88' lang='lat' dir='ltr'>quem</span> <span class='ocrx_word' id='word_1_23' title='bbox 399 817 577 890; x_wconf 90' lang='lat' dir='ltr'>maiorum</span> <span class='ocrx_word' id='word_1_24' title='bbox 623 841 730 903; x_wconf 90' lang='lat' dir='ltr'>usus,</span> <span class='ocrx_word' id='word_1_25' title='bbox 772 831 961 912; x_wconf 80' lang='lat' dir='ltr'>tamquam</span> <span class='ocrx_word' id='word_1_26' title='bbox 998 816 1118 889; x_wconf 85' lang='lat' dir='ltr'>nutrix</span> <span class='ocrx_word' id='word_1_27' title='bbox 1148 817 1312 891; x_wconf 88' lang='lat' dir='ltr'>circum-</span> 
     </span>
     <span class='ocr_line' id='line_1_6' title="bbox 103 946 1307 1046; baseline 0.001 -28"><span class='ocrx_word' id='word_1_28' title='bbox 103 947 281 1020; x_wconf 86' lang='lat' dir='ltr'>dedisset:</span> <span class='ocrx_word' id='word_1_29' title='bbox 318 950 498 1019; x_wconf 86' lang='grc' dir='ltr'>τούναντίον</span> <span class='ocrx_word' id='word_1_30' title='bbox 534 946 594 1044; x_wconf 84' lang='grc' dir='ltr'>γὰρ</span> <span class='ocrx_word' id='word_1_31' title='bbox 622 948 663 1043; x_wconf 78' lang='grc' dir='ltr'>ἢν</span> <span class='ocrx_word' id='word_1_32' title='bbox 690 947 815 1043; x_wconf 79' lang='grc' dir='ltr'>ἀσόφου</span> <span class='ocrx_word' id='word_1_33' title='bbox 842 948 895 1018; x_wconf 83' lang='grc' dir='ltr'>καί</span> <span class='ocrx_word' id='word_1_34' title='bbox 921 950 1158 1044; x_wconf 76' lang='grc' dir='ltr'>τετυφωμένης</span> <span class='ocrx_word' id='word_1_35' title='bbox 1189 950 1307 1046; x_wconf 78' lang='grc' dir='ltr'>ψυχῆς</span> 
     </span>
     <span class='ocr_line' id='line_1_7' title="bbox 102 1073 1312 1176; baseline 0 -29"><span class='ocrx_word' id='word_1_36' title='bbox 102 1079 163 1175; x_wconf 79' lang='grc' dir='ltr'>τήν</span> <span class='ocrx_word' id='word_1_37' title='bbox 200 1079 258 1172; x_wconf 82' lang='grc' dir='ltr'>μὲν</span> <span class='ocrx_word' id='word_1_38' title='bbox 294 1077 472 1174; x_wconf 87' lang='grc' dir='ltr'>αύτύχρόυν</span> <span class='ocrx_word' id='word_1_39' title='bbox 503 1074 657 1172; x_wconf 76' lang='grc' dir='ltr'>χλαμύδα</span> <span class='ocrx_word' id='word_1_40' title='bbox 684 1073 886 1170; x_wconf 68' lang='grc' dir='ltr'>θαυμάζειν,</span> <span class='ocrx_word' id='word_1_41' title='bbox 913 1078 966 1146; x_wconf 91' lang='grc' dir='ltr'>τδν</span> <span class='ocrx_word' id='word_1_42' title='bbox 994 1075 1029 1146; x_wconf 84' lang='grc' dir='ltr'>δὲ</span> <span class='ocrx_word' id='word_1_43' title='bbox 1056 1077 1312 1176; x_wconf 80' lang='grc' dir='ltr'>περιπόρφυρον</span> 
     </span>
     <span class='ocr_line' id='line_1_8' title="bbox 103 1203 1311 1302; baseline -0.001 -25"><span class='ocrx_word' id='word_1_44' title='bbox 103 1215 227 1302; x_wconf 83' lang='grc' dir='ltr'>χιτῶνα</span> <span class='ocrx_word' id='word_1_45' title='bbox 268 1207 488 1302; x_wconf 78' lang='grc' dir='ltr'>δυσχεραίνειν</span> <span class='ocrx_word' id='word_1_46' title='bbox 528 1205 551 1300; x_wconf 80' lang='grc' dir='ltr'><strong>ἢ</strong></span> <span class='ocrx_word' id='word_1_47' title='bbox 588 1203 685 1274; x_wconf 93' lang='grc' dir='ltr'>πάλιν</span> <span class='ocrx_word' id='word_1_48' title='bbox 721 1205 839 1273; x_wconf 80' lang='grc' dir='ltr'>ἐκεῖνα</span> <span class='ocrx_word' id='word_1_49' title='bbox 864 1203 923 1297; x_wconf 83' lang='grc' dir='ltr'>μὲν</span> <span class='ocrx_word' id='word_1_50' title='bbox 958 1203 1148 1297; x_wconf 72' lang='grc' dir='ltr'>ἀτιμάζειν,</span> <span class='ocrx_word' id='word_1_51' title='bbox 1176 1204 1311 1285; x_wconf 79' lang='grc' dir='ltr'>τούτοις</span> 
     </span>
     <span class='ocr_line' id='line_1_9' title="bbox 103 1331 1311 1432; baseline 0 -28"><span class='ocrx_word' id='word_1_52' title='bbox 103 1332 366 1430; x_wconf 80' lang='grc' dir='ltr'>δ’έκπεπλῆχθαι</span> <span class='ocrx_word' id='word_1_53' title='bbox 394 1333 486 1428; x_wconf 89' lang='grc' dir='ltr'>δίκην</span> <span class='ocrx_word' id='word_1_54' title='bbox 512 1334 630 1429; x_wconf 79' lang='grc' dir='ltr'>νηπίου</span> <span class='ocrx_word' id='word_1_55' title='bbox 657 1332 772 1409; x_wconf 89' lang='grc' dir='ltr'>παιδδς</span> <span class='ocrx_word' id='word_1_56' title='bbox 800 1331 1002 1426; x_wconf 83' lang='grc' dir='ltr'>φυλάττοντα</span> <span class='ocrx_word' id='word_1_57' title='bbox 1023 1332 1083 1426; x_wconf 79' lang='grc' dir='ltr'>τὴν</span> <span class='ocrx_word' id='word_1_58' title='bbox 1102 1332 1311 1432; x_wconf 74' lang='grc' dir='ltr'>περιβολήν7</span> 
     </span>
     <span class='ocr_line' id='line_1_10' title="bbox 102 1457 1205 1559; baseline -0.001 -28"><span class='ocrx_word' id='word_1_59' title='bbox 102 1462 144 1558; x_wconf 76' lang='grc' dir='ltr'>ἣν</span> <span class='ocrx_word' id='word_1_60' title='bbox 170 1467 193 1558; x_wconf 83' lang='grc' dir='ltr'>ἡ</span> <span class='ocrx_word' id='word_1_61' title='bbox 221 1459 361 1559; x_wconf 81' lang='grc' dir='ltr'>πάτριος</span> <span class='ocrx_word' id='word_1_62' title='bbox 383 1463 473 1558; x_wconf 78' lang='grc' dir='ltr'>αύτῷ</span> <span class='ocrx_word' id='word_1_63' title='bbox 500 1458 659 1556; x_wconf 90' lang='grc' dir='ltr'>συνήθεια</span> <span class='ocrx_word' id='word_1_64' title='bbox 687 1457 839 1556; x_wconf 90' lang='grc' dir='ltr'>καθάπερ</span> <span class='ocrx_word' id='word_1_65' title='bbox 866 1459 962 1555; x_wconf 81' lang='grc' dir='ltr'>τιτθὴ</span> <span class='ocrx_word' id='word_1_66' title='bbox 990 1458 1205 1557; x_wconf 75' lang='grc' dir='ltr'>περιέθηκεν.</span> 
     </span>
    </p>

    <p class='ocr_par' dir='ltr' id='par_1_3' title="bbox 103 1594 1312 2212">
     <span class='ocr_line' id='line_1_11' title="bbox 156 1594 1312 1691; baseline 0.001 -23"><span class='ocrx_word' id='word_1_67' title='bbox 156 1598 249 1691; x_wconf 85' lang='lat' dir='ltr'>Pag.</span> <span class='ocrx_word' id='word_1_68' title='bbox 278 1620 353 1688; x_wconf 76' lang='lat'>439</span> <span class='ocrx_word' id='word_1_69' title='bbox 382 1597 422 1668; x_wconf 90' lang='lat' dir='ltr'>F.</span> <span class='ocrx_word' id='word_1_70' title='bbox 450 1597 722 1690; x_wconf 84' lang='lat' dir='ltr'>Paedagogos‚</span> <span class='ocrx_word' id='word_1_71' title='bbox 751 1594 891 1668; x_wconf 90' lang='lat' dir='ltr'>animos</span> <span class='ocrx_word' id='word_1_72' title='bbox 918 1595 1115 1690; x_wconf 90' lang='lat' dir='ltr'>puerorum</span> <span class='ocrx_word' id='word_1_73' title='bbox 1147 1620 1312 1669; x_wconf 88' lang='lat' dir='ltr'>consue-</span> 
     </span>
     <span class='ocr_line' id='line_1_12' title="bbox 104 1724 1310 1821; baseline 0 -22"><span class='ocrx_word' id='word_1_74' title='bbox 104 1726 289 1799; x_wconf 91' lang='lat' dir='ltr'>tudinibus</span> <span class='ocrx_word' id='word_1_75' title='bbox 323 1729 527 1821; x_wconf 84' lang='lat' dir='ltr'>tingentes,</span> <span class='ocrx_word' id='word_1_76' title='bbox 556 1738 748 1819; x_wconf 86' lang='lat' dir='ltr'>comparat</span> <span class='ocrx_word' id='word_1_77' title='bbox 777 1750 858 1797; x_wconf 94' lang='lat' dir='ltr'>cum</span> <span class='ocrx_word' id='word_1_78' title='bbox 879 1724 1091 1810; x_wconf 86' lang='lat' dir='ltr'>nutricibus,</span> <span class='ocrx_word' id='word_1_79' title='bbox 1110 1724 1310 1799; x_wconf 88' lang='lat' dir='ltr'>infantium</span> 
     </span>
     <span class='ocr_line' id='line_1_13' title="bbox 103 1854 1311 1956; baseline -0.002 -27"><span class='ocrx_word' id='word_1_80' title='bbox 103 1881 264 1951; x_wconf 87' lang='lat' dir='ltr'>corpora</span> <span class='ocrx_word' id='word_1_81' title='bbox 292 1856 458 1929; x_wconf 89' lang='lat' dir='ltr'>manibus</span> <span class='ocrx_word' id='word_1_82' title='bbox 485 1855 744 1928; x_wconf 87' lang='lat' dir='ltr'>formantibus:</span> <span class='ocrx_word' id='word_1_83' title='bbox 778 1858 891 1956; x_wconf 81' lang='grc' dir='ltr'>ὥσπερ</span> <span class='ocrx_word' id='word_1_84' title='bbox 919 1862 953 1928; x_wconf 79' lang='grc' dir='ltr'>αἱ</span> <span class='ocrx_word' id='word_1_85' title='bbox 978 1854 1084 1927; x_wconf 86' lang='grc' dir='ltr'>τιτθαί</span> <span class='ocrx_word' id='word_1_86' title='bbox 1110 1865 1182 1935; x_wconf 84' lang='grc' dir='ltr'>ταῖς</span> <span class='ocrx_word' id='word_1_87' title='bbox 1212 1859 1311 1956; x_wconf 78' lang='grc' dir='ltr'>χερσὶ</span> 
     </span>
     <span class='ocr_line' id='line_1_14' title="bbox 103 1984 1309 2083; baseline 0 -26"><span class='ocrx_word' id='word_1_88' title='bbox 103 1990 140 2057; x_wconf 91' lang='grc' dir='ltr'>τδ</span> <span class='ocrx_word' id='word_1_89' title='bbox 180 1997 279 2081; x_wconf 84' lang='grc' dir='ltr'>σῶμα</span> <span class='ocrx_word' id='word_1_90' title='bbox 318 1988 532 2081; x_wconf 71' lang='grc' dir='ltr'>πλάττουσιν,</span> <span class='ocrx_word' id='word_1_91' title='bbox 572 1984 657 2056; x_wconf 87' lang='grc' dir='ltr'>ούτω</span> <span class='ocrx_word' id='word_1_92' title='bbox 697 1990 733 2057; x_wconf 88' lang='grc' dir='ltr'>τδ</span> <span class='ocrx_word' id='word_1_93' title='bbox 773 1985 857 2083; x_wconf 77' lang='grc' dir='ltr'>ἦθος</span> <span class='ocrx_word' id='word_1_94' title='bbox 895 1984 1085 2083; x_wconf 74' lang='grc' dir='ltr'>ῥυθμίζουσι</span> <span class='ocrx_word' id='word_1_95' title='bbox 1113 1992 1181 2064; x_wconf 84' lang='grc' dir='ltr'>τοῖς</span> <span class='ocrx_word' id='word_1_96' title='bbox 1212 1985 1309 2057; x_wconf 73' lang='grc' dir='ltr'>’ἔθεσι</span> 
     </span>
     <span class='ocr_line' id='line_1_15' title="bbox 104 2111 1124 2212; baseline -0.003 -26"><span class='ocrx_word' id='word_1_97' title='bbox 104 2112 190 2212; x_wconf 86' lang='lat' dir='ltr'>(scil.</span> <span class='ocrx_word' id='word_1_98' title='bbox 220 2121 250 2186; x_wconf 85' lang='grc' dir='ltr'>οί</span> <span class='ocrx_word' id='word_1_99' title='bbox 275 2111 515 2211; x_wconf 69' lang='grc' dir='ltr'>παιδαγωγοί),</span> <span class='ocrx_word' id='word_1_100' title='bbox 544 2113 588 2185; x_wconf 84' lang='lat' dir='ltr'>cf.</span> <span class='ocrx_word' id='word_1_101' title='bbox 615 2121 727 2208; x_wconf 66' lang='lat' dir='ltr'>*pag</span> <span class='ocrx_word' id='word_1_102' title='bbox 758 2138 777 2205; x_wconf 99' lang='grc'>3</span> <span class='ocrx_word' id='word_1_103' title='bbox 809 2114 864 2198; x_wconf 80' lang='lat' dir='ltr'>E,</span> <span class='ocrx_word' id='word_1_104' title='bbox 891 2117 1001 2208; x_wconf 61' lang='lat' dir='ltr'>*pag</span> <span class='ocrx_word' id='word_1_105' title='bbox 1030 2137 1051 2203; x_wconf 86' lang='grc'>9</span> <span class='ocrx_word' id='word_1_106' title='bbox 1080 2114 1124 2183; x_wconf 89' lang='lat' dir='ltr'>A.</span> 
     </span>
    </p>

    <p class='ocr_par' dir='ltr' id='par_1_4' title="bbox 105 2244 1308 2728">
     <span class='ocr_line' id='line_1_16' title="bbox 158 2244 1308 2342; baseline -0.001 -25"><span class='ocrx_word' id='word_1_107' title='bbox 158 2244 363 2342; x_wconf 72' lang='lat' dir='ltr'>(llllrpor,</span> <span class='ocrx_word' id='word_1_108' title='bbox 384 2244 593 2337; x_wconf 64' lang='lat' dir='ltr'>philtrium,</span> <span class='ocrx_word' id='word_1_109' title='bbox 605 2246 778 2338; x_wconf 73' lang='lat' dir='ltr'>poculum</span> <span class='ocrx_word' id='word_1_110' title='bbox 797 2247 1034 2328; x_wconf 73' lang='lat' dir='ltr'>amatorium,</span> <span class='ocrx_word' id='word_1_111' title='bbox 1054 2267 1167 2315; x_wconf 88' lang='lat' dir='ltr'>sensu</span> <span class='ocrx_word' id='word_1_112' title='bbox 1186 2257 1308 2317; x_wconf 90' lang='lat' dir='ltr'>trans-</span> 
     </span>
     <span class='ocr_line' id='line_1_17' title="bbox 105 2372 1306 2467; baseline 0.002 -22"><span class='ocrx_word' id='word_1_113' title='bbox 105 2374 180 2445; x_wconf 92' lang='lat' dir='ltr'>lato</span> <span class='ocrx_word' id='word_1_114' title='bbox 214 2374 395 2444; x_wconf 77' lang='lat' dir='ltr'>illecebras</span> <span class='ocrx_word' id='word_1_115' title='bbox 421 2373 633 2467; x_wconf 85' lang='lat' dir='ltr'>significans</span> <span class='ocrx_word' id='word_1_116' title='bbox 661 2373 819 2446; x_wconf 89' lang='lat' dir='ltr'>occurrit</span> <span class='ocrx_word' id='word_1_117' title='bbox 846 2372 881 2444; x_wconf 93' lang='lat' dir='ltr'>in</span> <span class='ocrx_word' id='word_1_118' title='bbox 909 2373 984 2445; x_wconf 90' lang='lat' dir='ltr'>vita</span> <span class='ocrx_word' id='word_1_119' title='bbox 1013 2374 1163 2444; x_wconf 92' lang='lat' dir='ltr'>Numae</span> <span class='ocrx_word' id='word_1_120' title='bbox 1193 2398 1227 2445; x_wconf 89' lang='lat' dir='ltr'>c.</span> <span class='ocrx_word' id='word_1_121' title='bbox 1264 2380 1306 2447; x_wconf 86' lang='lat'>16</span> 
     </span>
     <span class='ocr_line' id='line_1_18' title="bbox 105 2501 1306 2604; baseline -0.001 -29"><span class='ocrx_word' id='word_1_122' title='bbox 105 2528 193 2598; x_wconf 86' lang='lat' dir='ltr'>pag.</span> <span class='ocrx_word' id='word_1_123' title='bbox 238 2524 280 2593; x_wconf 88' lang='lat'>71</span> <span class='ocrx_word' id='word_1_124' title='bbox 327 2504 366 2573; x_wconf 89' lang='grc' dir='ltr'>Β.</span> <span class='ocrx_word' id='word_1_125' title='bbox 407 2506 466 2600; x_wconf 75' lang='grc' dir='ltr'>τήν</span> <span class='ocrx_word' id='word_1_126' title='bbox 502 2508 660 2602; x_wconf 77' lang='grc' dir='ltr'>γεωργίαν</span> <span class='ocrx_word' id='word_1_127' title='bbox 697 2509 713 2575; x_wconf 85' lang='grc' dir='ltr'>ὁ</span> <span class='ocrx_word' id='word_1_128' title='bbox 749 2501 885 2598; x_wconf 83' lang='grc' dir='ltr'>Νουμᾶς</span> <span class='ocrx_word' id='word_1_129' title='bbox 913 2507 978 2575; x_wconf 77' lang='grc' dir='ltr'>οἷον</span> <span class='ocrx_word' id='word_1_130' title='bbox 1006 2504 1139 2601; x_wconf 81' lang='grc' dir='ltr'>εἰρήνης</span> <span class='ocrx_word' id='word_1_131' title='bbox 1168 2505 1306 2604; x_wconf 81' lang='grc' dir='ltr'>φίλτρον</span> 
     </span>
     <span class='ocr_line' id='line_1_19' title="bbox 105 2634 521 2728; baseline -0.002 -24"><span class='ocrx_word' id='word_1_132' title='bbox 105 2635 243 2728; x_wconf 79' lang='grc' dir='ltr'>ἐμμίξας</span> <span class='ocrx_word' id='word_1_133' title='bbox 270 2641 336 2712; x_wconf 86' lang='grc' dir='ltr'>τοῖς</span> <span class='ocrx_word' id='word_1_134' title='bbox 363 2634 521 2712; x_wconf 90' lang='grc' dir='ltr'>πολίταις.</span> 
     </span>
    </p>

    <p class='ocr_par' dir='ltr' id='par_1_5' title="bbox 103 2759 1303 3640">
     <span class='ocr_line' id='line_1_20' title="bbox 158 2759 1302 2855; baseline 0.001 -23"><span class='ocrx_word' id='word_1_135' title='bbox 158 2762 196 2832; x_wconf 92' lang='lat' dir='ltr'>In</span> <span class='ocrx_word' id='word_1_136' title='bbox 209 2760 282 2832; x_wconf 89' lang='lat' dir='ltr'>vita</span> <span class='ocrx_word' id='word_1_137' title='bbox 293 2760 400 2832; x_wconf 88' lang='lat' dir='ltr'>Arati</span> <span class='ocrx_word' id='word_1_138' title='bbox 411 2786 440 2832; x_wconf 93' lang='lat' dir='ltr'>c.</span> <span class='ocrx_word' id='word_1_139' title='bbox 453 2785 498 2851; x_wconf 93' lang='grc'>33</span> <span class='ocrx_word' id='word_1_140' title='bbox 520 2784 608 2855; x_wconf 88' lang='lat' dir='ltr'>pag.</span> <span class='ocrx_word' id='word_1_141' title='bbox 631 2783 723 2850; x_wconf 88' lang='lat'>1042</span> <span class='ocrx_word' id='word_1_142' title='bbox 741 2761 781 2831; x_wconf 89' lang='lat' dir='ltr'>E.</span> <span class='ocrx_word' id='word_1_143' title='bbox 797 2763 953 2832; x_wconf 91' lang='lat' dir='ltr'>Aratum</span> <span class='ocrx_word' id='word_1_144' title='bbox 968 2759 1115 2855; x_wconf 90' lang='lat' dir='ltr'>saepius</span> <span class='ocrx_word' id='word_1_145' title='bbox 1129 2759 1302 2833; x_wconf 90' lang='lat' dir='ltr'>Piraeum</span> 
     </span>
     <span class='ocr_line' id='line_1_21' title="bbox 104 2889 1302 2987; baseline 0 -24"><span class='ocrx_word' id='word_1_146' title='bbox 104 2889 345 2987; x_wconf 76' lang='lat' dir='ltr'>aggressum,</span> <span class='ocrx_word' id='word_1_147' title='bbox 382 2916 504 2986; x_wconf 90' lang='lat' dir='ltr'>neque</span> <span class='ocrx_word' id='word_1_148' title='bbox 532 2892 582 2963; x_wconf 95' lang='lat' dir='ltr'>ob</span> <span class='ocrx_word' id='word_1_149' title='bbox 609 2890 787 2963; x_wconf 86' lang='lat' dir='ltr'>infelicem</span> <span class='ocrx_word' id='word_1_150' title='bbox 815 2915 1027 2963; x_wconf 89' lang='lat' dir='ltr'>successum</span> <span class='ocrx_word' id='word_1_151' title='bbox 1055 2889 1302 2984; x_wconf 85' lang='lat' dir='ltr'>defatigatum</span> 
     </span>
     <span class='ocr_line' id='line_1_22' title="bbox 104 3019 1300 3117; baseline -0.001 -23"><span class='ocrx_word' id='word_1_152' title='bbox 104 3024 171 3094; x_wconf 89' lang='lat' dir='ltr'>sed</span> <span class='ocrx_word' id='word_1_153' title='bbox 198 3047 244 3094; x_wconf 87' lang='lat' dir='ltr'>eo</span> <span class='ocrx_word' id='word_1_154' title='bbox 271 3022 365 3117; x_wconf 93' lang='lat' dir='ltr'>ipso,</span> <span class='ocrx_word' id='word_1_155' title='bbox 387 3022 488 3117; x_wconf 90' lang='lat' dir='ltr'>quod</span> <span class='ocrx_word' id='word_1_156' title='bbox 508 3047 582 3093; x_wconf 93' lang='lat' dir='ltr'>non</span> <span class='ocrx_word' id='word_1_157' title='bbox 602 3021 754 3093; x_wconf 91' lang='lat' dir='ltr'>multum</span> <span class='ocrx_word' id='word_1_158' title='bbox 773 3047 795 3093; x_wconf 92' lang='lat' dir='ltr'>a</span> <span class='ocrx_word' id='word_1_159' title='bbox 814 3020 990 3116; x_wconf 92' lang='lat' dir='ltr'>potiendo</span> <span class='ocrx_word' id='word_1_160' title='bbox 1010 3020 1087 3093; x_wconf 92' lang='lat' dir='ltr'>eius</span> <span class='ocrx_word' id='word_1_161' title='bbox 1106 3019 1300 3103; x_wconf 83' lang='lat' dir='ltr'>abfuisset,</span> 
     </span>
     <span class='ocr_line' id='line_1_23' title="bbox 104 3150 1302 3247; baseline -0.002 -23"><span class='ocrx_word' id='word_1_162' title='bbox 104 3152 261 3225; x_wconf 88' lang='lat' dir='ltr'>animum</span> <span class='ocrx_word' id='word_1_163' title='bbox 294 3154 572 3225; x_wconf 89' lang='lat' dir='ltr'>confirmantem</span> <span class='ocrx_word' id='word_1_164' title='bbox 610 3166 802 3247; x_wconf 87' lang='lat' dir='ltr'>comparat</span> <span class='ocrx_word' id='word_1_165' title='bbox 839 3177 921 3223; x_wconf 94' lang='lat' dir='ltr'>cum</span> <span class='ocrx_word' id='word_1_166' title='bbox 948 3150 988 3223; x_wconf 90' lang='lat' dir='ltr'>iis</span> <span class='ocrx_word' id='word_1_167' title='bbox 1016 3150 1149 3246; x_wconf 90' lang='lat' dir='ltr'>quibus</span> <span class='ocrx_word' id='word_1_168' title='bbox 1178 3158 1239 3223; x_wconf 87' lang='lat' dir='ltr'>res</span> <span class='ocrx_word' id='word_1_169' title='bbox 1267 3151 1302 3222; x_wconf 92' lang='lat' dir='ltr'>in</span> 
     </span>
     <span class='ocr_line' id='line_1_24' title="bbox 104 3275 1302 3379; baseline 0 -26"><span class='ocrx_word' id='word_1_170' title='bbox 104 3306 229 3356; x_wconf 91' lang='lat' dir='ltr'>amore</span> <span class='ocrx_word' id='word_1_171' title='bbox 257 3282 327 3356; x_wconf 89' lang='lat' dir='ltr'>sint</span> <span class='ocrx_word' id='word_1_172' title='bbox 351 3282 466 3354; x_wconf 91' lang='lat' dir='ltr'>minus</span> <span class='ocrx_word' id='word_1_173' title='bbox 485 3283 690 3354; x_wconf 90' lang='lat' dir='ltr'>secundae:</span> <span class='ocrx_word' id='word_1_174' title='bbox 720 3284 870 3379; x_wconf 84' lang='grc' dir='ltr'>ἐδήλωσε</span> <span class='ocrx_word' id='word_1_175' title='bbox 890 3283 925 3352; x_wconf 82' lang='grc' dir='ltr'>δὲ</span> <span class='ocrx_word' id='word_1_176' title='bbox 944 3284 997 3354; x_wconf 86' lang='grc' dir='ltr'>καί</span> <span class='ocrx_word' id='word_1_177' title='bbox 1015 3284 1110 3360; x_wconf 87' lang='grc' dir='ltr'>αύτδς</span> <span class='ocrx_word' id='word_1_178' title='bbox 1130 3275 1302 3379; x_wconf 81' lang='grc' dir='ltr'>ὁἍρατος</span> 
     </span>
     <span class='ocr_line' id='line_1_25' title="bbox 103 3408 1303 3510; baseline -0.002 -26"><span class='ocrx_word' id='word_1_179' title='bbox 103 3415 259 3494; x_wconf 85' lang='grc' dir='ltr'>πολλάκις</span> <span class='ocrx_word' id='word_1_180' title='bbox 296 3414 409 3510; x_wconf 84' lang='grc' dir='ltr'>ὥσπερ</span> <span class='ocrx_word' id='word_1_181' title='bbox 446 3419 475 3483; x_wconf 83' lang='grc' dir='ltr'>οἱ</span> <span class='ocrx_word' id='word_1_182' title='bbox 510 3414 691 3510; x_wconf 78' lang='grc' dir='ltr'>δυσέρωτες</span> <span class='ocrx_word' id='word_1_183' title='bbox 727 3410 942 3507; x_wconf 71' lang='grc' dir='ltr'>ἐπιχειρήσας</span> <span class='ocrx_word' id='word_1_184' title='bbox 977 3417 1025 3508; x_wconf 71' lang='grc' dir='ltr'>τῷ</span> <span class='ocrx_word' id='word_1_185' title='bbox 1060 3408 1212 3506; x_wconf 81' lang='grc' dir='ltr'>Πειραιεῖ</span> <span class='ocrx_word' id='word_1_186' title='bbox 1248 3413 1303 3482; x_wconf 82' lang='grc' dir='ltr'>καί</span> 
     </span>
     <span class='ocr_line' id='line_1_26' title="bbox 103 3538 1303 3640; baseline -0.002 -28"><span class='ocrx_word' id='word_1_187' title='bbox 103 3545 183 3640; x_wconf 90' lang='grc' dir='ltr'>πρδς</span> <span class='ocrx_word' id='word_1_188' title='bbox 210 3542 268 3621; x_wconf 84' lang='grc' dir='ltr'>τὰς</span> <span class='ocrx_word' id='word_1_189' title='bbox 296 3543 487 3638; x_wconf 83' lang='grc' dir='ltr'>διαμαρτίας</span> <span class='ocrx_word' id='word_1_190' title='bbox 515 3542 571 3610; x_wconf 89' lang='grc' dir='ltr'>ούκ</span> <span class='ocrx_word' id='word_1_191' title='bbox 598 3542 779 3634; x_wconf 87' lang='grc' dir='ltr'>ἀποκαμὼν</span> <span class='ocrx_word' id='word_1_192' title='bbox 807 3539 892 3609; x_wconf 82' lang='grc' dir='ltr'>ἀλλὰ</span> <span class='ocrx_word' id='word_1_193' title='bbox 919 3547 968 3637; x_wconf 75' lang='grc' dir='ltr'>τῷ</span> <span class='ocrx_word' id='word_1_194' title='bbox 993 3538 1084 3636; x_wconf 81' lang='grc' dir='ltr'>παρὰ</span> <span class='ocrx_word' id='word_1_195' title='bbox 1112 3540 1224 3636; x_wconf 90' lang='grc' dir='ltr'>μικρδν</span> <span class='ocrx_word' id='word_1_196' title='bbox 1251 3541 1303 3610; x_wconf 86' lang='grc' dir='ltr'>ἀεί</span> 
     </span>
    </p>
   </div>
   <div class='ocr_carea' id='block_1_3' title="bbox 103 3656 1303 3766">
    <p class='ocr_par' dir='ltr' id='par_1_6' title="bbox 103 3656 1303 3766">
     <span class='ocr_line' id='line_1_27' title="bbox 103 3656 1303 3766; baseline -0.002 -25"><span class='ocrx_word' id='word_1_197' title='bbox 103 3671 156 3741; x_wconf 84' lang='grc' dir='ltr'>καί</span> <span class='ocrx_word' id='word_1_198' title='bbox 196 3669 348 3764; x_wconf 92' lang='grc' dir='ltr'>σύνεγγυς</span> <span class='ocrx_word' id='word_1_199' title='bbox 389 3667 665 3764; x_wconf 84' lang='grc' dir='ltr'>ἀποσφάλλεσθαι</span> <span class='ocrx_word' id='word_1_200' title='bbox 704 3677 769 3738; x_wconf 86' lang='grc' dir='ltr'>τῶν</span> <span class='ocrx_word' id='word_1_201' title='bbox 810 3656 964 3738; x_wconf 83' lang='grc' dir='ltr'>ἐλπίδων</span> <span class='ocrx_word' id='word_1_202' title='bbox 987 3670 1067 3764; x_wconf 89' lang='grc' dir='ltr'>πρδς</span> <span class='ocrx_word' id='word_1_203' title='bbox 1103 3669 1139 3737; x_wconf 89' lang='grc' dir='ltr'>τδ</span> <span class='ocrx_word' id='word_1_204' title='bbox 1165 3665 1303 3766; x_wconf 83' lang='grc' dir='ltr'>θαρρεῖν</span> 
     </span>
    </p>
   </div>
   <div class='ocr_carea' id='block_1_4' title="bbox 103 3797 1302 4280">
    <p class='ocr_par' dir='ltr' id='par_1_7' title="bbox 104 3797 376 3891">
     <span class='ocr_line' id='line_1_28' title="bbox 104 3797 376 3891; baseline -0.004 -23"><span class='ocrx_word' id='word_1_205' title='bbox 104 3797 376 3891; x_wconf 87' lang='grc' dir='ltr'>ἀνακαλούμενος.</span> 
     </span>
    </p>

    <p class='ocr_par' dir='ltr' id='par_1_8' title="bbox 103 3920 1302 4280">
     <span class='ocr_line' id='line_1_29' title="bbox 156 3920 1302 4020; baseline -0.003 -23"><span class='ocrx_word' id='word_1_206' title='bbox 156 3927 247 4020; x_wconf 87' lang='lat' dir='ltr'>Pag.</span> <span class='ocrx_word' id='word_1_207' title='bbox 285 3931 328 3996; x_wconf 84' lang='lat'>61</span> <span class='ocrx_word' id='word_1_208' title='bbox 368 3927 406 3996; x_wconf 89' lang='lat' dir='ltr'>B.</span> <span class='ocrx_word' id='word_1_209' title='bbox 435 3922 578 3996; x_wconf 92' lang='lat' dir='ltr'>dicendi</span> <span class='ocrx_word' id='word_1_210' title='bbox 605 3922 828 4004; x_wconf 90' lang='lat' dir='ltr'>libertatem,</span> <span class='ocrx_word' id='word_1_211' title='bbox 860 3948 941 3995; x_wconf 91' lang='lat' dir='ltr'>cum</span> <span class='ocrx_word' id='word_1_212' title='bbox 970 3920 1181 3993; x_wconf 87' lang='lat' dir='ltr'>adulatione</span> <span class='ocrx_word' id='word_1_213' title='bbox 1211 3947 1302 3994; x_wconf 92' lang='lat' dir='ltr'>con-</span> 
     </span>
     <span class='ocr_line' id='line_1_30' title="bbox 103 4050 1302 4148; baseline 0.001 -24"><span class='ocrx_word' id='word_1_214' title='bbox 103 4053 281 4140; x_wconf 89' lang='lat' dir='ltr'>iunctam,</span> <span class='ocrx_word' id='word_1_215' title='bbox 311 4067 503 4148; x_wconf 88' lang='lat' dir='ltr'>comparat</span> <span class='ocrx_word' id='word_1_216' title='bbox 531 4078 614 4125; x_wconf 94' lang='lat' dir='ltr'>cum</span> <span class='ocrx_word' id='word_1_217' title='bbox 643 4052 860 4126; x_wconf 88' lang='lat' dir='ltr'>lascivarum</span> <span class='ocrx_word' id='word_1_218' title='bbox 889 4051 1079 4123; x_wconf 90' lang='lat' dir='ltr'>mulierum</span> <span class='ocrx_word' id='word_1_219' title='bbox 1099 4050 1302 4139; x_wconf 81' lang='lat' dir='ltr'>morsibuS,</span> 
     </span>
     <span class='ocr_line' id='line_1_31' title="bbox 104 4181 1302 4280; baseline -0.002 -26"><span class='ocrx_word' id='word_1_220' title='bbox 104 4183 331 4278; x_wconf 90' lang='lat' dir='ltr'>voluptatem</span> <span class='ocrx_word' id='word_1_221' title='bbox 369 4182 612 4256; x_wconf 85' lang='lat' dir='ltr'>excitantibus</span> <span class='ocrx_word' id='word_1_222' title='bbox 648 4196 760 4277; x_wconf 89' lang='lat' dir='ltr'>atque</span> <span class='ocrx_word' id='word_1_223' title='bbox 798 4181 1038 4254; x_wconf 88' lang='lat' dir='ltr'>titillantibus:</span> <span class='ocrx_word' id='word_1_224' title='bbox 1074 4185 1159 4254; x_wconf 78' lang='grc' dir='ltr'>ἔοικε</span> <span class='ocrx_word' id='word_1_225' title='bbox 1186 4181 1249 4279; x_wconf 84' lang='grc' dir='ltr'>γὰρ</span> <span class='ocrx_word' id='word_1_226' title='bbox 1278 4188 1302 4280; x_wconf 75' lang='grc' dir='ltr'>ἡ</span> 
     </span>
    </p>
   </div>
   <div class='ocr_carea' id='block_1_5' title="bbox 104 4313 1303 4412">
    <p class='ocr_par' dir='ltr' id='par_1_9' title="bbox 104 4313 1303 4412">
     <span class='ocr_line' id='line_1_32' title="bbox 104 4313 1303 4412; baseline -0.002 -29"><span class='ocrx_word' id='word_1_227' title='bbox 104 4313 238 4411; x_wconf 79' lang='grc' dir='ltr'>τοιαύτη</span> <span class='ocrx_word' id='word_1_228' title='bbox 282 4317 450 4412; x_wconf 87' lang='grc' dir='ltr'>παρρησία</span> <span class='ocrx_word' id='word_1_229' title='bbox 493 4322 559 4392; x_wconf 82' lang='grc' dir='ltr'>τοῖς</span> <span class='ocrx_word' id='word_1_230' title='bbox 602 4322 667 4383; x_wconf 82' lang='grc' dir='ltr'>τῶν</span> <span class='ocrx_word' id='word_1_231' title='bbox 708 4314 896 4384; x_wconf 86' lang='grc' dir='ltr'>ἀκολάστων</span> <span class='ocrx_word' id='word_1_232' title='bbox 936 4313 1080 4409; x_wconf 89' lang='grc' dir='ltr'>δήγμασι</span> <span class='ocrx_word' id='word_1_233' title='bbox 1120 4320 1303 4407; x_wconf 68' lang='grc' dir='ltr'>γυναικῶν,</span> 
     </span>
    </p>
   </div>
   <div class='ocr_carea' id='block_1_6' title="bbox 0 0 1423 4964">
    <p class='ocr_par' dir='ltr' id='par_1_10' title="bbox 0 0 1423 4964">
     <span class='ocr_line' id='line_1_33' title="bbox 0 0 1423 4964; baseline 0 0"><span class='ocrx_word' id='word_1_234' title='bbox 0 0 1423 4964; x_wconf 95' lang='lat' dir='ltr'> </span> 
     </span>
    </p>
   </div>
  </div>
 </body>
</html>
