2834 4964
156 103 258 202 Μῦς,
295 132 388 187 mus,
427 101 739 197 comparationem
777 115 905 174 nostro
932 99 1184 195 suppeditavit
1211 125 1349 195 pag

109 243 181 330 526
201 237 240 307 B.
282 234 552 330 Comparantur
587 231 636 305 ibi
672 230 787 318 avari,
824 255 891 326 per
927 230 1039 303 vitam
1067 229 1152 302 nihil
1178 229 1298 302 liberi.

105 369 255 452 dantem
284 390 368 438 cum
395 362 557 436 muribus
584 361 659 458 qui,
678 361 713 433 in
741 360 896 434 metallis
915 359 1148 457 chrysitidem
1168 385 1348 432 vorans

105 511 179 580 teS‚
207 521 337 569 aurum
364 519 438 567 non
466 494 626 566 reddunt
666 491 731 564 nisi
758 490 890 565 mortui
917 505 956 564 et
982 490 1150 564 dissecti:
1180 493 1281 572 ζῶντε

106 627 193 722 (scil.
230 632 260 698 οἱ
294 626 520 723 φιλόπλουτοι)
559 631 625 702 τοῖς
665 624 776 694 παισλυ
811 623 903 693 οὐδέν
940 623 1190 717 μεταδιδόασιν,
1227 623 1348 693 ἀλλ..-

106 760 219 856 όισπερ
237 766 303 827 τῶν
324 763 415 849 μυῶν
441 762 507 825 τῶν
535 755 568 823 ἐν
595 760 660 831 τοῖς
688 752 860 846 μετάλλοις
883 752 943 847 τὴν
961 758 1105 848 χρυσῖτιν
1124 750 1348 822 ἐσθιόντω··“

105 886 163 958 οόκ
190 889 259 956 ἐστι
285 890 341 954 τοῦ
368 884 502 980 χρυσίου
531 880 745 981 μεταλαβεῖν,
772 883 802 950 εἰ
830 880 877 975 μὴ
905 886 1027 977 νεκρῶν
1045 882 1331 974 χενομένιονκοι

106 1012 374 1110 ἀνατμηθέντων.

156 1143 232 1213 lam
269 1140 476 1224 videamus,
518 1161 611 1233 quas
646 1135 825 1230 imagines
852 1135 1070 1208 Plutarchus
1097 1137 1146 1208 ab
1174 1139 1347 1208 avz'bus‘

106 1270 265 1368 petierit..

158 1401 467 1499 Πτεροῦσθαι,
507 1399 648 1470 alatum
689 1426 772 1484 esse,
800 1399 847 1470 de
878 1395 1084 1469 hominibus
1111 1396 1305 1469 alacribus

106 1540 261 1621 usurpat
304 1525 338 1598 in
383 1526 458 1598 vita
503 1525 720 1599 Artaxerxis
764 1552 794 1599 c.
833 1551 878 1617 24
916 1550 1004 1622 pag.
1040 1550 1134 1616 1024
1170 1528 1228 1610 Β.,Ι
1256 1528 1301 1599 de

108 1656 246 1730 amanti
272 1681 360 1752 pag.
392 1663 463 1747 766
493 1657 532 1728 B.
562 1655 613 1729 Cf.
638 1655 747 1728 etiam
773 1680 861 1751 pag.
892 1662 964 1749 589
979 1657 1025 1728 A.

157 1784 421 1885 Ὠκόπτερα,
457 1788 537 1858 alae
564 1787 705 1872 veloces,
735 1787 951 1881 (vernaculo
979 1811 1172 1859 sermone:
1210 1788 1302 1884 slag-

100 1918 257 2012 pennen)
298 1915 333 1987 in
375 1915 652 2011 comparatione
693 1929 893 1988 occurrunt
931 1941 1020 2012 pag.
1053 1937 1123 2008 752
1147 1917 1209 1998 F„
1241 1916 1304 1989 ubi

108 2047 157 2119 ait
197 2044 354 2140 scriptor
392 2047 593 2141 prudentes
634 2045 782 2118 maritos
821 2045 940 2140 ipsos,
976 2059 1163 2141 tamquam
1201 2047 1301 2131 alas,

106 2200 261 2248 uxorum
297 2173 511 2269 praecidere
535 2173 660 2246 nimias
687 2173 848 2253 divitias.
877 2174 1009 2271 quibus
1037 2176 1157 2248 elatae
1185 2201 1301 2271 saepe

106 2306 275 2378 avolent:
328 2305 406 2377 ὅθεν
447 2309 477 2375 οἱ
515 2311 589 2375 νοῦν
630 2307 764 2402 ἔχοντες
791 2307 882 2377 αὐτοὶ
909 2308 1158 2405 περικόπτουσιν
1186 2307 1304 2405 ὥσπερ

107 2436 282 2532 ὠκύπτερα
322 2443 390 2506 τῶν
422 2443 584 2530 γυναικῶν
612 2435 652 2505 τὰ
678 2435 816 2533 περιττὰ
843 2436 1028 2533 χρήματα,
1056 2431 1109 2531 ὑφ’
1137 2438 1183 2505 ὧν
1211 2438 1306 2507 ε’παι-

110 2565 243 2663 ρόμεναι
269 2563 428 2642 πολλάκις
454 2564 687 2634 ἀποπέτονται.

159 2692 251 2785 Pag.
270 2697 319 2781 48
336 2690 382 2762 A.
401 2690 575 2776 homines,
594 2715 739 2785 semper
753 2692 800 2763 de
815 2692 945 2763 eadem
961 2716 1000 2763 re
1015 2691 1306 2785 interrogantes,

109 2834 371 2915 comparantur
394 2846 477 2893 cum
504 2820 735 2916 implumibus
760 2821 880 2916 pullis,
906 2847 1053 2916 semper
1075 2823 1125 2893 ad
1143 2821 1305 2895 alienum

110 2976 152 3024 os
191 2950 391 3023 hiantibus:
445 2952 603 3030 πολλάκις
644 2947 925 3046 ἐκπυνθανόμενοι
964 2953 1041 3051 περὶ
1068 2960 1134 3023 τῶν
1161 2954 1303 3046 αὐτῶν,

109 3082 223 3180 ὥσπερ
265 3083 409 3176 ἀπτῆνες
440 3080 568 3151 νεοσσοὶ
596 3081 774 3177 κεχηνότες
800 3081 853 3152 ἀεὶ
880 3083 960 3178 πρὸς
987 3082 1156 3179 ἀλλότριον
1185 3082 1305 3175 στόμα.

109 3208 274 3304 Respicit
300 3209 334 3280 h.
353 3209 373 3280 l.
401 3208 619 3280 Plutarchus
645 3209 694 3279 ad
721 3208 758 3279 ll.
787 3208 855 3291 IX,
886 3233 984 3299 323:

211 3344 257 3420 ὡς
286 3339 312 3412 δ’
332 3341 416 3439 όρνις
443 3340 568 3435 ἀπτῆσι
595 3346 758 3410 νεοσσοῖσι
784 3342 972 3439 προφέρῃσι

210 3468 364 3564 μάστακ’,
392 3469 466 3539 ἐπεί
492 3494 528 3538 κε
557 3467 708 3568 λάβησι,
737 3476 846 3548 κακῶς
874 3464 966 3567 δ’ἀρα
993 3473 1024 3539 οἱ
1049 3470 1143 3540 πέλει
1171 3469 1270 3564 αὐτῆ.

156 3607 196 3676 ln
233 3605 424 3689 docentis¹
446 3603 691 3699 descriptione
725 3630 813 3701 pag.
844 3613 893 3679 80
923 3606 969 3678 A.
997 3605 1197 3701 imaginem
1225 3607 1306 3678 Ho-

107 3735 264 3807 mericae
309 3734 387 3807 avis
431 3734 593 3808 similiter
641 3749 791 3809 secutus
835 3750 914 3809 est:
969 3737 1062 3809 οὐδέν
1104 3741 1120 3807 ό
1160 3743 1307 3817 τοιοῦτος

110 3867 271 3962 σοφιστῆς
307 3867 457 3964 διαφέρει
493 3873 554 3962 τῆς
581 3861 762 3965 Ὁμηρικῆς
789 3867 943 3964 ὄρνιθος,
971 3866 1020 3937 ότι
1048 3867 1087 3936 ἀν
1113 3865 1209 3962 λάβοι
1237 3872 1306 3945 τοῖς

110 3992 276 4090 μαθηταῖς
304 3995 417 4092 ὥσπερ
446 3996 570 4093 ἀπτῆσι
596 4003 740 4075 νεοσσοῖς
768 3995 820 4066 διά
838 4001 894 4066 τοῦ
913 3995 1074 4089 στόματος
1092 3995 1303 4092 προςρέροιν,
