2834 4964
642 262 688 330 37

119 451 233 543 *Pag
267 472 308 539 13
339 449 378 520 F.
406 450 737 544 πωλοδαμνεῖν,
765 447 913 542 proprie
932 449 979 519 de
998 447 1104 542 pullis
1123 448 1262 543 equinis

20 550 23 555 .
62 579 224 664 dictum,
244 574 493 672 metaphorice
517 578 564 648 de
587 576 883 649 adolescentibus
907 591 1078 672 usurpat:
1099 588 1262 677 σκιρτῶσα

66 711 184 806 νεότης
211 709 485 803 πωλοδαμνεῖται.
541 705 593 779 Cf.
623 705 736 802 Soph.
764 706 866 779 Aiac
898 728 980 800 550.

111 838 173 908 Ab
201 841 344 934 aurigis
358 861 507 932 quoque
523 837 738 910 Plutarchus
757 837 952 909 nonnullas
968 837 1263 932 comparationes

67 966 303 1062 deprompsit.
345 966 406 1039 Sic
434 966 467 1037 in
496 966 571 1039 vita
599 967 743 1039 Galbae
772 992 801 1038 c.
826 972 952 1062 bpag.
974 989 1066 1060 1055
1085 970 1131 1039 D.
1147 968 1261 1041 duces

65 1096 264 1191 Verginius
291 1113 329 1168 et
356 1097 494 1182 Varus,
521 1095 582 1191 qui
609 1121 695 1169 suos
723 1096 905 1170 exercitus
925 1122 1092 1192 apugna
1107 1098 1262 1171 retinere

67 1252 141 1299 non
169 1241 342 1322 possunt,
373 1252 455 1298 cum
483 1225 620 1321 aurigis
648 1227 808 1312 confert,
835 1227 1063 1300 habenarum
1086 1227 1261 1323 impoten-

66 1357 181 1429 tibus:
224 1358 264 1428 τόι
289 1355 486 1455 ΙΟὐεργινίου
526 1359 579 1427 καλ
620 1356 783 1437 Οὐίνδικος
825 1357 1052 1455 στρατεύματα
1093 1359 1148 1459 βίᾳ
1187 1361 1261 1440 τοὺς

65 1488 251 1583 ἡγεμόνας,
288 1486 401 1583 ὥσπερ
431 1486 583 1582 ἡνιόχους
610 1493 770 1583 κρατῆσαι
798 1486 941 1581 χαλινῶν
970 1488 1017 1582 μὴ
1046 1486 1261 1583 δυνηθέντας,

65 1618 112 1692 εἰς
142 1616 254 1710 μαχὴν
282 1615 489 1708 ἐξενεγκόντα
516 1641 544 1683 κ.
571 1640 599 1684 τ.
628 1614 657 1683 λ.

119 1750 211 1844 Pag.
248 1773 321 1840 442
364 1751 410 1820 D.
442 1748 527 1821 dicit
554 1773 690 1843 corpus
717 1773 849 1843 parere
877 1748 1008 1821 rationi
1035 1752 1261 1840 adhortanti,

65 1893 255 1974 tamquam
292 1904 427 1974 equum
465 1878 634 1973 aurigae,
674 1879 840 1950 habenas
874 1853 1113 1951 concutienti:
1155 1883 1261 1953 πάντα

66 2012 153 2107 μέρη
195 2016 250 2080 τοῦ
295 2013 448 2104 σώματος
491 2009 664 2104 ὑπακούει,
711 2015 766 2079 τοῦ
807 2009 962 2104 λογισμοῦ
1004 2000 1121 2106 ’ὥσπερ
1167 2013 1260 2106 ἡνίας

66 2163 245 2217 σεισαντος.

119 2263 287 2337 Similiter
318 2264 411 2337 ratio
440 2290 523 2336 cum
551 2265 682 2360 auriga
710 2279 950 2361 comparatur
976 2289 1064 2359 pag,
1097 2287 1170 2358 445
1201 2267 1261 2350 Β.,

64 2395 128 2467 ubi
162 2394 318 2490 legimus
353 2395 530 2468 rationem
558 2398 770 2490 gubernare
799 2394 1122 2490 concupiscentem
1151 2394 1259 2466 animi

63 2540 228 2620 partem,
257 2527 359 2598 velut
385 2525 569 2620 placidum
597 2540 635 2598 et
662 2527 874 2622 obsequens
901 2550 1035 2621 pecus:
1064 2528 1259 2621 όλογισμδς

64 2660 197 2753 ἡνιοχεῖ
227 2659 263 2727 τδ
299 2656 483 2753 παθητικὸν
515 2658 628 2755 ὥσπερ
664 2658 791 2755 εύὴνιον
820 2657 956 2755 θρέμμα
982 2658 1036 2727 καλ
1062 2662 1188 2753 πρᾷον,
1217 2653 1260 2726 cf.

64 2808 154 2878 pag.
184 2807 227 2874 31
261 2785 327 2870 D.‚
366 2807 432 2876 145
464 2783 523 2871 C.,
555 2791 626 2877 588
656 2785 697 2856 Ε.
759 2772 762 2778 ’

115 2914 208 3009 Pag.
238 2921 309 2987 802
342 2914 380 2987 C.
409 2914 546 2998 oratio,
576 2940 687 3010 quam
718 2914 844 2987 Nicias
871 2912 997 2986 habuit
1016 2914 1064 2985 ad
1082 2913 1260 3008 populum

61 3069 85 3116 a
123 3043 273 3116 consilio
310 3043 455 3119 Siciliae
483 3045 764 3140 aggrediendae
792 3046 1085 3130 deflectendum,
1113 3068 1260 3138 compa-

61 3187 164 3245 ratur
188 3198 270 3246 cum
289 3173 394 3247 freno
413 3175 517 3259 lax0,
539 3200 614 3270 quo
632 3176 828 3270 populum,
850 3188 890 3246 ut
910 3199 1064 3269 equum,
1087 3173 1260 3246 cohibere

63 3306 289 3376 conabatur:
329 3305 479 3404 καθάπερ
523 3307 647 3406 ἀμβλεῖ
684 3307 811 3403 χαλινῷ
851 3313 898 3402 τῷ
935 3306 1023 3402 λόγῳ
1056 3307 1260 3402 πειρόιμενος

63 3437 283 3532 ἀποστρέφειν
310 3437 363 3505 τδν
391 3436 505 3531 δῆμον.

117 3564 283 3635 Tandem
320 3563 488 3661 όχημα,
527 3563 749 3657 uehiculum,
785 3562 821 3634 in
859 3561 1134 3658 comparatione
1163 3560 1261 3633 adhi-

64 3692 180 3765 bitum
225 3691 425 3788 reperimus
470 3716 557 3787 pag.
610 3698 652 3765 16
699 3691 758 3778 C.,
802 3693 866 3765 ubi
906 3693 992 3765 dicit
1034 3690 1261 3786 Theognidis

63 3822 292 3918 aliorumque
320 3822 522 3911 sententias
541 3846 622 3895 esse
641 3821 847 3909 orationeS,
868 3847 1075 3896 mensuram
1095 3834 1132 3892 et
1150 3844 1260 3914 gran·
1359 3842 1361 3846 ·
1382 3885 1384 3889 .

62 3952 216 4024 ditatem
252 3977 321 4047 pro
357 3950 529 4024 vehiculo
566 3965 777 4024 mutuantes
813 3952 985 4048 apoesi‚
1013 3965 1054 4023 ut
1079 3949 1259 4045 pedestris

60 4083 229 4155 incessus
255 4081 492 4154 humilitatem
520 4081 717 4177 effugiant:
746 4085 963 4179 γνωμολογίαι
983 4080 1149 4177 Θεόγνιδος
1168 4081 1257 4175 λόγοι

60 4214 124 4284 εἰσὶ
152 4213 340 4311 κιχράμενοι
358 4212 448 4309 παρὰ
474 4221 679 4309 ποιητικῆς,
695 4213 809 4309 ὥσπερ
837 4213 971 4307 όχημα,
998 4212 1034 4280 τδ
1063 4211 1178 4306 μέτρον
1204 4209 1259 4279 καλ

61 4345 117 4413 τδν
146 4341 261 4437 όγκον,
288 4341 338 4412 ἵνα
364 4342 400 4411 τδ
427 4341 526 4420 πεζδν
554 4339 763 4436 διαφύγωσιν.
