2834 4964
674 266 725 333 40

105 450 322 524 conantibus
362 475 489 523 eorum
531 475 663 523 vocem
703 448 877 524 imitando
917 452 1136 526 adulatores
1181 454 1303 542 aulici,

103 582 165 677 qui
209 606 340 653 vocem
386 605 489 653 suam
530 582 579 653 ad
618 578 854 653 imitationem
894 606 1026 677 regum
1068 590 1304 678 componunt

103 711 226 806 itaque
262 736 328 784 eos
362 712 522 784 subeunt
558 724 596 783 et
622 708 828 804 decipiunt;
869 716 899 782 οἱ
926 712 984 807 μὲν
1012 713 1141 784 αδλικολ
1170 716 1305 797 κόλακες

102 845 215 941 ὥσπερ
251 841 463 941 ὀρνιθοθῆραι
503 841 696 937 μιμούμενοι
728 848 772 939 τῇ
806 848 904 939 φωνῇ
935 843 989 913 καί
1015 843 1304 938 συνεξομοιοῦντες

103 972 236 1051 ἑαυτοὺς
275 970 466 1042 ὑποδύονται
507 970 648 1066 μάλιστα
687 971 740 1041 καί
779 970 974 1068 προςάγουσι
1003 969 1043 1040 δι’
1072 971 1216 1069 ἀπάτης
1244 982 1304 1053 τοῖς

103 1101 298 1200 βασιλεῦσιν.

154 1229 230 1300 lam
259 1242 488 1301 transeamus
515 1229 564 1300 ad
591 1228 793 1322 artificium
811 1231 1060 1322 precatorium.

153 1357 347 1430 Vocabula
375 1359 628 1452 δελεάζειν,
657 1361 830 1443 inescare,
852 1359 1095 1452 δελέασμοι,
1125 1358 1303 1458 δέλεαρ,

101 1517 190 1573 esea,
208 1487 343 1582 passim
362 1511 472 1560 sensu
492 1487 686 1573 ι’ίίιὶιὶιοάί,
703 1488 883 1558 illecebrae
896 1485 1116 1558 Plutarchus
1137 1487 1302 1561 adhibet
1346 1580 1349 1595 Ι

105 1618 166 1692 Sic
192 1617 227 1688 in
255 1616 329 1689 vita
357 1616 464 1688 Arati
491 1642 522 1688 c.
558 1639 597 1706 17
628 1641 716 1711 pag.
752 1639 843 1706 1034
877 1616 923 1688 D.
943 1613 1119 1710 legimus:
1147 1625 1202 1717 τῷ
1215 1620 1303 1691 παιδί
1346 1600 1349 1687 ἶ

103 1753 272 1847 χρώμενος
300 1749 412 1844 ὥσπερ
441 1748 655 1842 δελεάσματι,
683 1745 727 1818 cf.
756 1745 791 1816 in
819 1744 894 1818 vita
923 1745 1070 1819 Galbae
1098 1769 1131 1818 c.
1168 1770 1182 1817 1
1219 1772 1303 1844 pag.

110 1899 178 1970 105
184 1901 204 1966 3
226 1877 285 1962 F.‚
313 1900 400 1971 pag.
433 1882 503 1966 823
527 1877 591 1961 D.,
620 1878 729 1970 *pag
765 1899 804 1966 13
826 1876 872 1947 A.
899 1877 1004 1973 ἡδονή
1032 1874 1168 1948 dicitur
1188 1878 1305 1976 δέλεαρ

104 2007 307 2104 ἀφύλακτον,
335 2005 378 2079 cf.
408 2030 494 2100 pag.
528 2029 601 2078 210
622 2006 672 2092 C„
703 2011 777 2096 669
798 2005 864 2088 Α..
894 2008 992 2096 *829
1014 2006 1061 2076 D.
1191 2009 1195 2015 ’

154 2137 246 2230 Pag.
276 2158 347 2229 554
369 2137 408 2208 F.
445 2135 572 2231 flagitii
609 2135 830 2208 suavitatem
858 2160 941 2208 curn
971 2159 1058 2208 esca
1086 2151 1303 2232 comparat,

104 2266 166 2338 ubi
194 2266 278 2339 dicit
305 2268 352 2339 de
380 2266 544 2351 homine,
581 2265 642 2361 qui
669 2267 789 2339 scelus
818 2264 1013 2339 commisit:
1049 2269 1086 2337 τδ
1114 2267 1222 2362 γλυκὺ
1249 2276 1305 2366 τῆς

104 2398 227 2477 ἀδικίας
262 2399 374 2494 ὥσπερ
412 2398 528 2494 δέλεαρ
565 2398 776 2493 ἐξεδήδοκεν,
814 2395 856 2468 cf.
894 2419 980 2490 pag.
1018 2414 1088 2487 547
1120 2393 1160 2466 C.
1193 2400 1304 2497 μικρδν

104 2526 251 2620 εὐλογίας
281 2529 345 2595 οἷον
374 2526 490 2622 δέλεαρ
518 2524 768 2624 ὑποβάλλοντες.

155 2651 402 2752 Μήρινθος,
430 2652 619 2725 ίιιιιίακόιιτ
644 2658 880 2748 precatorias,
909 2678 996 2749 pag.
1026 2677 1097 2744 333
1120 2654 1159 2727 C
1190 2679 1303 2728 sensu

106 2787 334 2854 mce'tumente‘
357 2782 521 2876 ponitur:
550 2785 651 2884 φόβος
679 2786 715 2855 οὐ
735 2786 829 2879 μόνον
850 2785 983 2881 μνήμην
1003 2784 1199 2880 ἐκπλήττει,
1220 2785 1305 2857 ἀλλὰ

104 2913 156 2981 καί
184 2914 370 3009 προαίρεσιν
399 2919 508 2983 πᾶσαν
535 2914 588 2984 καὶ
616 2913 800 3008 φιλοτιμίαν
828 2912 880 2982 καί
907 2912 1024 3009 ὁρμήν,
1053 2915 1083 2982 εί
1112 2913 1160 3008 μὴ
1192 2917 1306 3013 μηρίν

103 3039 183 3118 θους
219 3041 396 3135 φιλοσοφία
434 3041 667 3139 περιτέθεικεν.
722 3040 761 3110 ln
800 3038 1077 3134 comparatione
1104 3039 1306 3115 adhibetur

105 3192 192 3262 pag.
224 3174 295 3258 748
316 3166 373 3239 C:
402 3177 503 3241 ταῦτα
530 3170 570 3240 τὰ
597 3170 768 3266 ποιήματα
797 3169 871 3240 όλον
899 3171 1012 3268 ὥσπερ
1040 3171 1103 3240 τισί
1127 3171 1306 3267 μηρίνθοις

104 3298 233 3368 ἕλκουσι
257 3301 292 3369 τδ
322 3306 421 3393 σῶμα
449 3306 513 3377 τοῖς
542 3299 684 3392 μέλεσιν.

155 3427 246 3519 Pag.
275 3450 349 3516 494
379 3427 418 3497 B.
457 3425 561 3497 nidus
597 3424 761 3521 alcyonis
797 3439 1034 3520 comparatur
1062 3449 1146 3498 cum
1175 3453 1306 3500 nassa:

104 3559 139 3626 τδ
177 3556 235 3650 μὲν
272 3564 387 3653 σχῆμα
424 3557 577 3654 περιαγὲς
614 3553 700 3651 (scil.
737 3564 795 3652 τῆς
831 3553 989 3648 νεοττιᾶς)
1030 3561 1076 3636 ὡς
1117 3557 1305 3629 ἁλιευτικοῦ

103 3684 218 3782 κύρτου
245 3686 298 3755 καὶ
323 3686 490 3782 πρόμηκες
518 3684 737 3781 ἀπεργάζεται
765 3688 787 3780 ή
817 3685 957 3754 ἀλκυὼν.

158 3821 250 3915 Pag.
299 3826 367 3911 169
411 3820 449 3893 C.
490 3818 698 3914 superstitio
732 3845 814 3891 cum
843 3834 919 3892 rete
949 3819 1145 3892 confertur.
1203 3822 1306 3895 Dicit

106 3975 237 4044 nempe
274 3950 493 4021 Plutarchus
529 3951 576 4021 de
614 3949 777 4036 ludaeis,
810 3964 962 4045 propter
990 3952 1190 4023 sabbatum
1221 3953 1307 4025 nihil

107 4105 146 4153 se
183 4081 432 4163 moventibus,
470 4105 551 4153 cum
588 4081 713 4152 hostes
750 4079 869 4151 scalas
902 4082 1145 4153 admoverent
1172 4083 1305 4156 muris:

108 4212 180 4282 ἀλλ’
212 4207 356 4283 Ἰουδαῖοι
393 4212 568 4312 cappa-uo
605 4212 705 4281 όντιον
733 4238 766 4280 εν
794 4210 967 4305 ἀγνάπτοις
993 4209 1211 4304 καθεζόμενοι
1239 4220 1305 4283 τῶν

111 4341 277 4434 πολεμίων
325 4341 482 4434 κλίμακας
530 4337 765 4433 προςτιθέντοιν
814 4338 866 4408 καὶ
911 4338 951 4408 τὰ
996 4339 1091 4433 τείχη
1136 4341 1305 4435 καταλαμ-
