2834 4964
196 697 413 770 Plutarchus
448 694 484 767 in
517 693 592 767 vita
628 693 843 766 Artaxerxis
880 719 910 767 c.
942 699 988 766 28
1016 720 1104 790 pag.
1139 701 1237 768 1026
1268 696 1324 768 As.

145 833 193 902 ού·
218 832 284 926 μὴν
321 828 406 899 ἀλλά
441 830 478 899 τδ
514 826 655 922 μέγεθος
691 828 728 898 τδ
764 832 825 922 τῆς
860 827 967 924 ἀρχῆς
1002 827 1057 897 καλ
1093 830 1130 897 τδ
1165 831 1248 927 πρδς
1282 831 1331 899 τδν

138 954 242 1056 Ὦχον
290 963 346 1029 τοῦ
387 955 527 1054 Δαρείου
568 956 641 1034 δέος
683 955 840 1046 ύπύύεσιν
881 962 931 1051 τῷ
967 953 1147 1057 Τηριβάζῳ
1189 965 1339 1056 παρεῖχε·

146 1080 376 1184 Κυπρογένεια
395 1079 422 1155 δ’
441 1085 478 1154 ού
498 1080 637 1178 πάμπαν
657 1085 822 1176 ἀναίτιος,
841 1087 864 1180 ἡ
883 1090 945 1178 τῆς
958 1080 1142 1163 Ἀσπασίας
1156 1086 1343 1184 ἀφαίρεσις.

200 1214 371 1286 Delenda
407 1225 509 1298 sunt,
546 1225 587 1284 ut
625 1212 833 1306 glossema,
860 1212 993 1284 verba:
1020 1218 1043 1310 ἡ
1071 1220 1132 1308 τῆς
1161 1210 1349 1293 Ἀσπασίας

148 1347 331 1443 ἀφαίρεσις.

679 1599 685 1620 .
710 1550 769 1621 IV.

198 1744 413 1831 Plutarchus
458 1759 505 1830 de
552 1757 700 1830 fortuna
746 1748 1000 1829 Romanorum
1043 1781 1131 1852 pag.
1170 1777 1245 1847 317
1289 1758 1351 1831 C.:

145 1893 243 1988 μέχρι
271 1891 307 1961 ού
334 1896 394 1985 τῆς
420 1884 558 1985 Ῥῶμης
585 1888 677 1985 ἰσχύν
706 1889 761 1959 καί
789 1887 925 1984 αύξησιν
950 1887 1117 1989 λαβούσης
1145 1888 1199 1958 καί
1219 1889 1349 1985 ἀναδη-

145 2021 294 2116 σαμένης
341 2025 437 2090 τοῦτο
487 2018 547 2112 μέν
597 2018 682 2113 ἔθνη
731 2017 786 2088 καλ
835 2016 960 2112 δήμους
1004 2018 1046 2086 ἐν
1082 2017 1208 2112 αὐτῇ,
1246 2024 1349 2089 τοῦτο

72 2223 74 2228 ,
144 2148 171 2218 δ’
200 2147 404 2242 ἀλλοφύλους
444 2146 499 2217 καλ
541 2147 746 2224 διαποντίους
790 2146 954 2247 βασιλέων
996 2146 1197 2242 ἡγεμονίας,
1243 2144 1348 2244 ἕδραν

146 2277 227 2372 ἔσχε
254 2276 296 2346 τά
323 2278 462 2372 μέγιστα
489 2303 519 2345 κ.
539 2302 569 2346 τ.
589 2277 619 2346 λ.

199 2404 419 2498 Legendum
448 2416 559 2498 puto:
589 2406 631 2486 ἐξ
659 2406 806 2500 αὐτῆς.

719 2689 762 2761 V.

199 2926 417 2998 Plutarchus
445 2925 612 2998 Amator.
637 2949 729 3020 pag.
761 2947 828 3018 751
854 2925 915 2996 E.:
945 2931 961 2997 ὁ
989 2924 1102 2996 Σολων
1119 2981 1126 2996 .
1144 2980 1151 2995 .
1170 2980 1203 2995 ..
1230 2925 1350 3025 ῶσπερ

147 3060 183 3128 ἐκ
221 3058 325 3154 ζάλης
360 3059 414 3129 καὶ
450 3066 615 3156 χειμῶνος
651 3057 736 3128 καί
759 3066 826 3127 τῶν
862 3057 1023 3128 παιδικῶν
1053 3054 1187 3153 έριίιτων
1216 3056 1252 3125 ἔν
1282 3083 1349 3128 τινι

146 3187 278 3283 γαλίγνη
311 3194 356 3284 τη”
381 3187 457 3285 περί
484 3189 539 3259 τδν
566 3186 671 3283 γάμον
701 3186 756 3257 καί
783 3187 978 3281 φιλοσοφίαν
1006 3183 1148 3279 θέμενος
1175 3166 1231 3254 τ’δν
1261 3183 1347 3284 βίον.

200 3315 384 3409 Legatur:
422 3317 537 3414 ῶσπερ
573 3319 610 3387 ἐκ
647 3314 752 3410 ζάλης
791 3314 846 3386 καὶ
881 3320 1047 3411 χειμῶνος
1082 3319 1149 3383 τῶν
1175 3313 1345 3384 παιδικῶν

148 3445 282 3543 ἐρῶτιυν
310 3474 340 3516 κ.
360 3473 389 3516 τ.
410 3446 441 3516 λ.

717 3718 776 3789 VI.

201 3930 418 4002 Plutarchus
445 3929 613 4000 Amator.
641 3952 730 4023 pag.
754 3933 824 4017 764
848 3905 906 3999 (ἷζε
935 3935 981 4008 ῶς
1008 3922 1035 3999 δ’
1062 3927 1155 4023 ἥλιος
1175 3926 1211 3996 ἐκ
1230 3934 1346 4022 νεφῶν

147 4061 201 4131 καλ
229 4056 305 4156 μεθ’
332 4062 476 4158 ὁμίχλην
504 4058 716 4158 θερμότερος,
745 4057 848 4138 ούτως
870 4053 980 4156 Ἔρως
999 4051 1088 4152 μετ’
1107 4058 1240 4153 ὀργῆς
1267 4057 1345 4127 καί

147 4190 425 4290 ζηλοτυπίας
457 4191 625 4287 ἐρωμένου
659 4189 891 4283 διαλλαγέντος
924 4188 1027 4284 ἡδίων
1056 4186 1110 4256 καί
1138 4183 1343 4282 δριμύτερος.

200 4317 325 4412 Lege:
355 4314 440 4413 μετ’
469 4320 602 4417 ὀργὴν
631 4319 703 4390 καί
730 4318 1018 4414 ζηλοτυπίαν.
