2834 4964
609 160 610 164 '
722 181 789 256 15²

707 475 800 549 XIII.

208 685 267 758 Ius
307 683 503 757 iurandum
543 664 744 771 sociorum,
783 709 805 758 a
841 685 1011 759 Diodoro
1052 686 1265 770 XXXVII,
1317 711 1355 759 11

36 835 40 854 ·
157 831 420 901 memoratum,
449 818 573 889 fictum
600 831 692 912 puto
720 840 743 888 a
770 818 882 890 Drusi
899 817 1072 890 inimicis.

703 1051 801 1122 XIV.

192 1259 370 1331 'Velleius
399 1259 614 1332 Paterculus
643 1240 716 1331 non
745 1259 914 1332 adulatus
942 1273 999 1332 est
1025 1260 1191 1333 Tiberio,

593 1530 596 1538 ·
712 1486 790 1557 XV.

208 1693 327 1766 Taciti
342 1691 520 1791 expositio
534 1694 581 1765 de
592 1692 804 1766 Germanici
815 1694 1047 1789 expeditione
1063 1694 1098 1766 in
1112 1693 1359 1769 Germaniam

154 1839 192 1896 et
217 1826 264 1896 de
293 1838 408 1897 morte
437 1823 648 1915 Germanici
676 1824 922 1922 vituperanda
949 1838 1014 1897 est.

698 2051 797 2122 XVI.

205 2257 244 2329 In
280 2258 431 2331 historia
468 2258 589 2354 Spurii
626 2259 750 2331 Maelii
786 2260 994 2353 fragmenta
1027 2260 1221 2356 Dionysii,
1252 2286 1356 2336 anno

160 2393 254 2480 1848
282 2403 447 2484 reperta,
478 2389 551 2460 fide
579 2386 753 2483 digniora
772 2403 857 2462 sunt
875 2415 988 2485 quam
1007 2389 1154 2462 traditio
1172 2392 1356 2486 vulgaris.

693 2622 807 2694 XVII.

205 2831 315 2902 Errat
351 2830 559 2903 Mommsen
596 2830 717 2930 (Rom.
755 2832 1023 2926 Forschungen
1060 2833 1093 2918 Ι,
1130 2858 1221 2928 pag.
1264 2834 1355 2933 257)

151 2963 378 3034 contendens
415 2977 605 3034 senatores
642 2961 815 3057 pedarios
853 2988 925 3035 non
964 2963 1137 3035 habuisse
1174 2963 1232 3036 ius
1272 2990 1355 3038 sen-

149 3091 284 3163 tentiae
301 3092 506 3164 *dicendae

684 3317 815 3389 xum.
871 3276 879 3293 ’

203 3523 327 3596 Livius
353 3525 482 3611 XXII,
512 3530 554 3612 8,
582 3530 615 3597 6.
670 3527 788 3597 Prave
826 3526 975 3620 quidam
1011 3527 1161 3621 legunt:
1194 3541 1234 3599 et
1260 3530 1352 3624 quia

135 3668 188 3726 set
216 3655 343 3728 consul
372 3657 521 3741 aberat,
554 3681 577 3727 a
605 3681 679 3750 quo
708 3678 781 3728 uno
810 3655 881 3728 dici
908 3681 1020 3751 posse
1048 3657 1255 3744 videbatur,
1276 3683 1349 3732 nec

150 3810 217 3880 per
253 3799 477 3880 occupatam
516 3784 625 3858 armis
662 3785 809 3859 Punicis
845 3785 987 3857 Italiam
1023 3785 1130 3858 facile
1167 3778 1249 3859 erat
1283 3803 1351 3861 aut

150 3916 314 3987 nuntium
342 3931 406 3989 aut
423 3917 562 3989 litteras
582 3916 688 4001 mitti,
717 3941 785 3988 nec
805 3917 1025 3990 dictatorem
1038 3917 1198 4012 populus
1217 3941 1348 3998 creare

20 4054 22 4057 ’
149 4059 315 4141 poterat,
354 4048 455 4143 quod
491 4072 691 4142 numquam
729 4061 814 4119 ante
842 4073 924 4120 eam
952 4048 1049 4120 diem
1076 4047 1214 4119 factum
1243 4064 1347 4136 erat,

142 4177 424 4270 prodz‘ctatorem
459 4178 619 4273 populus
655 4178 795 4250 creavit
821 4177 865 4268 Q.
894 4178 1050 4250 Fabium
1078 4176 1278 4250 Maximum
1308 4194 1346 4253 et

154 4307 366 4400 magistrum
395 4309 559 4403 equitum
587 4309 636 4380 M.
664 4308 864 4381 Minucium
892 4308 1037 4380 Rufum.
