2866 5040
672 12 739 46 lla

112 184 311 269 aversanti‚
340 184 543 258 confertur:
572 186 631 265 τὰς
671 185 923 288 ἀβλαβεστάτας
950 186 1091 283 ἡδονάς,
1135 188 1255 285 ὥσπερ
1285 193 1317 258 σί

108 315 266 413 κάνθαροι
293 316 334 386 τὰ
362 316 467 414 μύρα,
496 316 762 417 βδελυττόμενος.
792 312 844 387 Cf
871 338 959 409 pag.
993 319 1090 405 1096
1119 314 1168 386 A.

161 444 252 538 Pag.
294 464 341 534 47
347 469 366 535 3
406 445 447 516 E.
480 444 697 516 Plutarchus
725 442 889 516 homines
924 443 1004 540 qui,
1044 443 1108 517 ubi
1134 443 1170 516 in
1200 444 1312 517 malo·
1389 526 1394 535 ,

109 597 188 643 rum
216 574 602 647 commemorationem
629 573 850 659 inciderunt,
882 573 967 646 inde
994 599 1035 647 se
1062 599 1246 648 revocare
1273 588 1308 648 et

108 727 277 775 recreare
320 705 448 777 nolunt
485 717 678 799 comparat
715 729 799 776 cum
827 703 1011 778 cantharis
1047 704 1128 800 qui,
1170 704 1235 778 ubi
1272 703 1304 776 in

108 834 487 918 „cantharolethrum”
519 834 741 921 inciderunt,
769 833 867 907 exire
895 834 979 907 inde
1007 852 1200 930 nequeunt
1225 860 1304 932 per-

107 977 295 1059 petuoque
337 964 642 1038 circumversione
682 979 855 1061 pereunt:
889 967 1015 1038 κάκεῖνο
1052 967 1178 1063 μᾶλλον
1219 965 1302 1066 (scil.

107 1096 130 1189 ἡ
166 1094 308 1189 εὐθυμία
344 1094 592 1194 ἐπιταράσσει),
629 1096 724 1192 ὅταν,
753 1097 866 1194 ὥσπερ
895 1099 929 1166 ἐν
956 1090 1105 1193 Ὀλύνθῳ
1131 1097 1207 1177 τοὺς
1234 1123 1326 1169 καν-
1345 1141 1384 1153 -

109 1220 229 1320 θάρους
255 1225 424 1320 λέγουσιν7
445 1228 491 1304 εἴς
519 1252 548 1295 τι
568 1227 688 1321 χωρίον
709 1225 933 1325 ἐμβάλλοντας
952 1225 970 1296 δ
987 1226 1134 1296 καλεῖται
1163 1223 1408 1319 ‚parta—2·

108 1350 307 1450 ριίιλεθρον”7
336 1352 471 1453 ἐκβῆναι
499 1354 546 1449 μὴ
575 1354 772 1448 δυναμένους
800 1351 871 1423 ἀλλ’
890 1355 963 1424 ἐκεῖ
984 1354 1225 1450 στρεφομένους
1253 1343 1429 1425 καῖηθ

107 1481 299 1559 κυκλοῦντας
336 1481 616 1578 ἐναποθνήσκειν,
645 1480 748 1560 οὕτως
775 1485 821 1560 εἰς
848 1483 908 1578 τὴν
935 1488 1000 1551 τῶν
1027 1487 1137 1552 κακῶν
1166 1481 1426 1578 μνημηνρη

25 1699 26 1703 ¹
109 1610 324 1707 ὑπορρυέντες
352 1607 438 1706 (scil.
466 1609 651 1708 ἄνθρωποι)
679 1612 858 1706 ἀνενεγκεῖν
885 1612 934 1706 μὴ
957 1596 1087 1680 Ιθέλιυσι
1119 1607 1198 1705 μηδ’
1230 1611 1430 1681 ava-³001

108 1745 256 1810 τσνεῦσαι.
285 1737 408 1811 Causa
435 1764 509 1811 non
537 1753 611 1824 est,
641 1763 707 1810 cur
734 1763 817 1810 cum
844 1736 1072 1810 Bernardaki
1090 1737 1125 1809 in
1144 1735 1319 1810 editione
1406 1772 1416 1799 ι

108 1891 176 1939 sua
203 1871 426 1973 ἐμβάλλοντας
454 1884 635 1943 mutemur
660 1868 695 1940 in
724 1870 938 1970 ἐμβαλόντας.
981 1862 1112 1941 Sermo
1131 1867 1231 1940 enim
1249 1890 1433 1941 esa·

110 2000 156 2071 de
197 2025 236 2071 re
276 1999 472 2072 identidem
513 1999 678 2095 repetita.
732 1998 798 2097 (Cf.
840 1999 1131 2072 Herwerdenum
1169 2000 1395 2095 Mnerrn

115 2135 206 2219 1891
238 2155 325 2225 pag.
357 2132 456 2227 287.)

162 2257 411 2359 Κανθαρίς,
437 2260 616 2334 insectum
644 2262 832 2356 quoddam
861 2259 1029 2357 frugibus
1047 2283 1188 2332 nocens
1208 2257 1423 2359 (vidfzre

109 2390 200 2461 Plat.
230 2389 364 2462 Comic.
393 2392 494 2486 apud
522 2391 644 2463 Schol.
674 2391 784 2490 Arist.
811 2392 896 2464 Pac.
928 2412 985 2482 72.
1034 2388 1188 2463 Aristot.
1213 2387 1401 2470 Hiszst.

110 2519 220 2592 Anim
248 2521 317 2605 IV,
349 2520 384 2617 7)
412 2520 446 2592 in
475 2521 751 2616 comparatione
780 2520 938 2594 occurrit
965 2545 1053 2617 pag.
1076 2541 1147 2613 537
1170 2522 1224 2606 F.,
1243 2514 1387 2597 ulf-Ji

110 2652 267 2746 scriptor
301 2651 351 2726 ait
377 2652 545 2726 invidiam
574 2651 727 2725 maxime
755 2651 888 2724 adoriri
916 2654 1054 2738 bonos,
1083 2672 1359 2745 comparans

111 2807 192 2854 eam
222 2807 305 2855 cum
333 2783 624 2872 cantharidibus,
653 2781 808 2855 maxime
836 2781 969 2854 adultis
991 2781 1063 2854 iam
1081 2780 1253 2876 frugibus
1270 2790 1338 2851 et
1426 2870 1428 2877 Ι

88 2908 203 2985 ‘rosis
244 2913 459 2987 florentibus
498 2912 811 2986 incumbentibus:
853 2915 1005 3011 καθάπερ
1041 2917 1077 2983 αἱ
1110 2910 1316 3010 κανθαρίδες
1423 2888 1427 2927 ³

113 3042 292 3139 ἐμφύονται
338 3045 480 3140 μάλιστα
526 3052 574 3142 τῷ
613 3045 790 3139 ἀκμάζοντι
830 3046 910 3139 σίτῳ
950 3042 1003 3113 καὶ
1042 3048 1107 3120 τοῖς
1148 3040 1304 3111 εὐθαλέσι

116 3173 240 3269 ῥόδοις,
269 3171 372 3252 οὕτως
400 3177 417 3243 ὁ
444 3171 565 3268 (ρθύνος
593 3171 731 3244 ἅπτεται
759 3172 902 3268 μάλιστα
928 3178 993 3240 τῶν
1020 3176 1186 3267 χρηστῶν.

164 3297 428 3399 Μύρμηκες,
443 3301 634 3395 formicae.
677 3301 736 3373 De
757 3299 907 3373 assiduo
926 3297 1158 3370 formicarum
1176 3297 1301 3371 labore

112 3430 308 3525 imaginem
351 3429 504 3525 sumpsit
530 3455 618 3527 pag.
664 3454 734 3523 525
778 3430 838 3516 E.,
879 3427 941 3500 ubi
968 3425 1171 3499 divitiarum
1209 3427 1303 3521 cupi-

113 3561 264 3634 ditatem
305 3531 431 3633 eorum
472 3561 533 3657 qui
573 3560 730 3633 difficilia
759 3559 879 3632 omnia
907 3558 1092 3654 perferant
1124 3558 1173 3628 ad
1199 3557 1306 3651 plura

114 3691 341 3786 adipscenda
391 3717 461 3764 nec
506 3690 620 3786 partis
673 3689 802 3762 divitiis
842 3689 1026 3774 fruantur,
1066 3685 1307 3759 formicariam

115 3837 245 3895 vocat:
295 3832 397 3897 ταῦτα
450 3826 531 3922 πρδς
583 3823 644 3918 τὴν
698 3821 808 3916 ὀνώδη
861 3821 915 3891 καὶ
967 3818 1175 3916 μυρμηκώδη
1220 3818 1306 3914 λέγω

115 3955 237 4049 ταύτην
273 3955 517 4052 φιλοπλουτίαν.
572 3950 771 4021 Ariminum
808 3918 890 4020 edm
923 3945 1127 4019 divitiarum
1168 3944 1307 4041 cupidi·

115 4095 227 4155 tatem
272 4095 403 4167 vocat,
450 4079 617 4151 alludens
661 4079 711 4150 ad
750 4075 973 4149 balneatoris
1013 4074 1152 4148 asinum
1192 4098 1305 4170 supra
