2866 5040
677 234 743 301 132

111 420 276 517 μηδεμίαν
315 419 458 498 ἔντευξιν
497 419 620 501 ἐξῶσαι
660 417 740 515 μηδ’
779 419 986 516 ἀποστρέψαι
1013 419 1204 514 δυναμένη,
1244 426 1318 498 τοῖς

112 550 294 645 αἰσχίστοις
321 546 459 649 βάσιμός
486 549 557 618 ἐστι
583 546 708 618 πάθεσι
735 547 789 618 καί
814 546 997 644 πράγμασι.

162 677 254 771 Pag.
291 680 367 768 650
386 676 432 746 D.
485 674 704 748 Plutarchus
741 673 825 747 dicit
860 674 897 747 in
930 699 1059 747 senum
1087 673 1317 771 corporibus

111 806 234 878 vinum
270 829 392 877 moras
426 805 548 877 facere
588 803 748 877 siccitate
790 818 984 878 attractum
1012 829 1237 901 comparans
1266 784 1318 878 ea

112 961 194 1009 curn
235 934 448 1031 regionibus
474 933 581 1008 siccis
591 985 603 1019 -,
639 934 673 1006 in
702 935 836 1030 quibus
873 959 973 1030 aqua
999 934 1106 1008 facile
1134 935 1314 1008 subsidit:

112 1073 158 1146 ὡς
184 1067 239 1138 οὖν
266 1065 307 1136 τὰ
333 1065 480 1162 ῥεύματα
507 1073 572 1138 τῶν
602 1067 661 1161 μέν
687 1073 818 1137 πυκνῶν
847 1066 1067 1146 ἀποκλύζεται
1093 1069 1229 1165 χωρίων
1254 1069 1314 1140 καὶ

70 1189 73 1192 ’
111 1197 218 1293 πηλὸν
245 1197 282 1266 οὔ
308 1202 415 1289 ποιεῖ,
442 1201 509 1273 τοῖς
536 1193 563 1264 δ’
582 1195 707 1293 ἀραιοῖς
735 1196 949 1290 ἀναμίγνυται
976 1197 1120 1291 μᾶλλον,
1157 1193 1267 1274 οὕτως
1297 1201 1316 1267 ὁ

112 1326 195 1403 οἶνος
221 1326 255 1394 ἐν
282 1332 347 1403 τοῖς
373 1331 439 1394 τῶν
467 1323 626 1422 γερόντων
654 1324 804 1417 σώμασιν
831 1325 903 1420 ἔχει
931 1323 1111 1426 διατριβήν,
1131 1326 1320 1419 ἑλκόμενος

112 1454 175 1524 ὑπὸ
201 1458 261 1548 τῆς
284 1453 472 1550 ξηρότητος.

137 1744 155 1842 6
173 1766 203 1837 5.
231 1744 509 1828 Mrmmurourm¹
522 1768 548 1813 A
565 1759 930 1829 MAR1,FLUCTIBUS',
949 1766 1087 1816 vsums
1106 1767 1288 1816 PETmAE.

163 1984 335 2080 Amplam
372 1984 668 2080 metaphorarum
695 1997 733 2056 et
764 1983 1080 2080 comparationum
1117 1985 1318 2059 materiem

111 2140 230 2202 mare,
266 2117 414 2202 fluctus,
452 2115 549 2188 venti
568 2115 781 2192 ,Plutarcho
817 2115 1086 2210 praestiterunt.
1144 2117 1316 2190 Primum

56 2243 58 2246 ’
111 2246 369 2319 translationes
397 2271 419 2318 a
447 2244 537 2317 mari
564 2246 694 2317 ductas
721 2269 988 2318 recenseamus.

165 2376 225 2449 Sic
252 2380 445 2472 πέλαγος
470 2375 504 2446 in
536 2374 808 2470 comparatione
836 2374 994 2449 occurrit
1019 2401 1107 2472 pag.
1130 2399 1226 2467 1107
1244 2379 1317 2463 A.,

111 2506 174 2578 ubi
208 2505 384 2578 infinitum
419 2505 454 2575 in
491 2507 592 2600 quod
628 2505 769 2578 animus
804 2519 889 2601 post
926 2520 1081 2579 mortem
1109 2507 1320 2580 effunditur

113 2660 196 2708 cum
222 2647 329 2707 vasto
357 2633 445 2706 mari
473 2634 677 2707 confertur:
705 2644 764 2733 τῆς
792 2639 911 2734 ψυχῆς,
947 2637 1062 2734 ὥσπερ
1090 2639 1136 2717 εἷς
1163 2638 1317 2734 πέλαγος

113 2769 246 2864 ἀχανές,
272 2769 308 2836 τὸ
336 2767 470 2864 ἄπειρον
497 2768 713 2863 ἐκχεομένης.

165 2895 205 2965 ln
233 2889 392 2989 compar.
419 2893 583 2966 Aristidis
611 2906 649 2965 et
672 2892 820 2966 Catonis
849 2918 878 2965 c.
914 2917 926 2964 1
950 2918 1038 2988 pag.
1056 2917 1075 2983 3
1083 2915 1127 2986 53
1150 2893 1191 2965 B.
1212 2893 1315 2967 Cato

112 3024 241 3097 dicitur
276 3024 310 3095 in
348 3026 602 3095 Romanorum
631 3048 707 3095 rem
734 3022 918 3118 publicam
945 3036 1135 3118 tamquam
1162 3039 1311 3097 vastum

111 3155 261 3250 aliquod
299 3179 398 3226 mare
434 3179 473 3226 se
504 3152 709 3250 immisisse:
751 3155 831 3225 au
858 3152 982 3226 Κάτων
1012 3155 1140 3250 ἀφῆκεν
1170 3156 1311 3248 ἑαυτόν,

113 3287 225 3384 ὥσπερ
254 3288 300 3364 εἰς
327 3285 470 3379 πέλαγος
497 3285 632 3381 ἀχανές,
659 3285 720 3380 τὴν
748 3286 781 3353 ἐν
809 3278 926 3378 ‘Pupp
954 3284 1132 3353 πολιτείαν.

165 3415 205 3485 In
245 3412 319 3486 vita
359 3412 560 3485 Alexandri
596 3438 626 3486 c.
669 3437 714 3503 32
757 3437 845 3509 pag.
874 3418 946 3502 683
978 3411 1017 3484 C.
1058 3410 1139 3484 soni
1180 3410 1307 3483 incerti

112 3568 300 3639 vocesque
337 3543 510 3616 confusae
546 3545 594 3615 ab
631 3541 786 3615 hostium
826 3541 953 3615 castris
980 3541 1128 3614 auditae
1158 3565 1308 3636 compa-

114 3687 240 3746 rantur
267 3699 350 3746 eum
377 3672 529 3768 strepitu
557 3672 683 3745 maris:
718 3675 918 3772 ἀτέκμαρτος
955 3673 991 3742 δέ
1022 3699 1069 3752 τις
1102 3673 1199 3768 φωνὴ
1228 3699 1304 3766 σομ-

114 3806 299 3902 μεμιγμένη
328 3805 382 3875 καὶ
408 3804 548 3905 θόρυβος
576 3804 630 3875 καί
658 3805 761 3901 ψόφος
780 3805 817 3872 ἐκ
835 3807 891 3873 τοῦ
910 3802 1132 3900 στρατοπέδου
1153 3799 1306 3896 καθάπερ

115 3934 149 4014 ἐξ
176 3934 317 4029 ἀχανοῦς
343 3931 504 4030 προςήχει
530 3930 704 4026 πελάγους.
895 3897 904 3919 .

166 4061 206 4132 In
247 4059 320 4132 vita
360 4058 544 4133 Ciceronis
585 4083 614 4130 c.
644 4064 665 4131 6
701 4082 789 4153 pag.
820 4063 890 4147 863
913 4057 954 4128 Ε.
996 4058 1043 4128 de
1084 4054 1301 4136 rumoribus,

5 4276 9 4281 ,
115 4190 214 4262 nullo
240 4189 396 4285 vestigio
416 4188 542 4261 relicto
561 4187 732 4260 oblivioni
754 4186 862 4272 datis,
882 4189 1013 4259 eadem
1031 4185 1157 4281 imago
1178 4206 1297 4258 occur·

8 4315 11 4320 ¹
116 4319 177 4392 rit:
205 4322 279 4392 τότε
315 4322 374 4417 μέν
410 4320 473 4391 οὖν’
500 4318 708 4415 ἐξαθυμῆσαι
749 4317 967 4412 παντάπασιν,
1004 4320 1033 4389 εἰ
1069 4315 1223 4414 καθάπερ
1258 4316 1302 4391 εἰς
