2834 4964
634 291 681 358 39

56 477 237 550 translato
273 475 486 560 adhibetur,
523 423 557 547 vi
585 500 615 548 c.
654 499 741 569 pag.
771 479 818 547 88
847 476 894 546 D.
921 479 1009 571 ἴχνος
1038 477 1253 573 φιλοσοφίας,

56 619 147 703 pag'.
176 631 251 698 439
280 607 319 677 F.
346 611 435 704 ἴχνος
463 607 593 704 ἀρετῆς.
648 604 746 678 Hinc
773 629 861 700 pag.
891 610 937 694 87
968 604 1005 677 C.
1035 605 1256 702 ἐξιχνεύειν

54 739 116 818 τὰς
145 740 329 836 ἁμαρτίας,
355 733 580 828 investigare
608 749 775 830 peccata.

109 876 204 969 Pag.
240 880 286 966 58
316 875 355 945 B.
384 873 469 945 dicit
497 873 709 947 adulatores
735 875 929 946 laudantes
956 873 1094 946 facilius
1120 875 1256 959 latere,

56 1031 143 1078 cum
171 1030 244 1076 non
272 1004 444 1088 laudare,
473 1004 540 1075 sed
567 1003 665 1075 aliud
692 1003 779 1099 quid
807 1028 923 1098 agere
941 1017 1255 1106 putanturgcom-

54 1159 194 1231 parans
221 1158 287 1206 eos
316 1158 397 1205 cum
426 1133 679 1220 venatoribus
703 1133 841 1206 facilius
864 1133 960 1206 feras
984 1134 1200 1219 latentibus
1228 1133 1257 1206 si

56 1290 131 1337 non
168 1263 294 1335 venari
331 1288 370 1336 se
408 1266 475 1336 sed
511 1263 578 1336 iter
605 1264 728 1337 facere
756 1279 820 1337 aut
847 1289 1002 1359 pascere
1030 1278 1095 1336 aut
1122 1289 1255 1359 agrum

10 1447 13 1452 -
56 1395 181 1468 colere
223 1395 387 1489 fingunt:
430 1396 543 1494 ὥσπερ
584 1396 645 1494 γὰρ
687 1402 716 1467 οἱ
756 1395 973 1494 θηρεύοντες,
1009 1397 1047 1466 ἂν
1084 1397 1130 1491 μὴ
1164 1402 1256 1466 τοῦτο

54 1533 162 1596 ποιεῖν
190 1524 260 1596 ἀλλ’
289 1526 470 1623 ὁδοιπορεῖν
497 1527 520 1620 ἢ
548 1528 657 1619 νέμειν
684 1527 706 1621 ἢ
735 1533 889 1622 γεωργεῖν
917 1526 1053 1619 δοκῶσι,
1074 1526 1198 1618 μᾶλλον
1216 1525 1256 1595 τὰ

54 1652 267 1750 θηρευόμενα
303 1652 538 1747 λανθάνουσιν,
574 1652 676 1732 ούτιυς
712 1658 742 1724 οἱ
767 1655 902 1733 κόλακες
930 1653 1084 1724 ἅπτονται
1113 1653 1254 1747 μάλιστα

54 1791 122 1862 τοῖς
146 1784 307 1876 ἐπαίνοις,
322 1781 399 1852 ὅταν
418 1785 560 1852 ἐπαινεῖν
581 1783 627 1878 μὴ
648 1783 805 1876 δοκῶσιν,
824 1782 896 1853 ἀλλ’
916 1783 1025 1879 ἕτερόν
1045 1808 1074 1852 τι
1092 1783 1254 1879 πράττειν.

109 1910 202 2004 Pag.
242 1931 315 2002 520
353 1910 391 1981 F.
428 1908 602 1981 institutio
640 1934 770 1981 canum
807 1910 1058 1983 venaticorum
1087 1909 1256 2004 scriptori

55 2053 184 2111 nostro
213 2040 308 2110 hanc
337 2039 508 2134 suggerit
537 2039 870 2134 comparationem:
898 2040 1048 2138 καθάπερ
1077 2046 1106 2112 οἱ
1123 2042 1256 2137 κυνηγοὶ

54 2171 130 2250 τούς
158 2169 318 2249 σκύλακας
345 2172 401 2241 οὐκ
429 2173 526 2240 ἐῶσιν
555 2169 771 2268 ἐκτρέπεσθαι
791 2172 844 2241 καῖ
863 2172 989 2241 διώκειν
1007 2176 1116 2240 πᾶσαν
1136 2170 1270 2265 ὀδμήν,

56 2299 144 2370 ἀλλὰ
178 2306 243 2378 τοῖς
280 2302 430 2397 ῥυτῆρσιν
464 2299 593 2370 ἕλκουσι
627 2301 680 2370 καὶ
712 2298 942 2397 ἀνακρούουσι,
970 2297 1119 2396 καθαρὰν
1147 2299 1254 2368 αὐτῶν

54 2427 273 2522 φυλάττοντες
300 2427 353 2497 καλ
381 2427 518 2525 ἄκρατον
546 2430 581 2497 τδ
609 2426 825 2524 αἰσθητήριον
853 2428 908 2498 ἐπὶ
935 2430 971 2498 τδ
1003 2430 1116 2497 οἰκεῖον
1142 2427 1254 2523 ἔργον,

56 2554 94 2625 ἵν’
132 2555 349 2652 εὐτονώτερον
378 2555 544 2652 ἐμφύηται
572 2565 637 2635 τοῖς
662 2560 804 2653 ἴχνεσιν,
838 2555 921 2626 ούτω
950 2556 1002 2626 δεῖ
1024 2556 1080 2634 τὰς
1108 2555 1161 2625 ἐπὶ
1188 2560 1253 2624 ποῖν
1340 2593 1341 2596 ¹

56 2682 171 2778 θέαμα
211 2685 264 2753 καὶ
305 2689 370 2754 πᾶν
411 2685 560 2779 ἄκουσμα
600 2692 656 2755 τοῦ
696 2685 966 2783 πολυπράγμονος
1007 2684 1165 2782 ἐκδρομὰς
1201 2684 1254 2753 καὶ
1323 2728 1325 2733 ·

56 2812 313 2910 περιπλανήσεις
349 2813 499 2910 ἀφαιρεῖν
535 2815 588 2884 καὶ
624 2814 779 2884 ἀντισπᾶν
812 2813 865 2883 ἐπὶ
892 2813 932 2883 τδι
958 2814 1107 2910 χρήσιμα
1134 2811 1252 2907 φυλάτ-

55 2968 179 3021 τοντας.
208 2940 263 3011 lta
282 2953 322 3011 ut
340 2954 538 3012 venatores
558 2965 669 3014 canes
687 2940 891 3026 instituunt,
912 2955 1058 3036 oportet
1077 2938 1251 3023 curiosos

55 3070 105 3141 ad
129 3069 283 3164 quaevis
306 3073 521 3164 spectacula
544 3085 582 3143 et
600 3070 747 3166 quasvis
774 3071 978 3144 auditiones
996 3084 1251 3152 excurrenteS,

57 3213 166 3272 caute
195 3200 244 3271 ad
271 3199 371 3272 utilia
399 3202 595 3273 retrahere.

101 3330 195 3424 Pag.
213 3353 286 3420 344
304 3329 351 3402 A.
365 3331 589 3417 Alexander,
604 3330 638 3403 in
651 3330 858 3427 Oxydracis
868 3356 891 3403 a
901 3331 1067 3403 barbaris
1077 3330 1248 3413 inclusus,

57 3460 227 3532 desertus
255 3473 293 3533 et
320 3460 439 3533 auxili
464 3460 590 3555 inops,
618 3475 854 3556 comparatur
882 3487 964 3534 cum
988 3460 1066 3533 fera
1086 3460 1251 3533 cassibus

54 3587 246 3683 implicita:
276 3595 293 3661 ὁ
321 3591 347 3660 δ’
368 3592 508 3686 εὐτυχὴς
538 3589 706 3692 βασιλεύς,
726 3592 838 3689 ὥσπερ
857 3591 973 3690 θηρίον
993 3593 1122 3690 ἄρκυσιν
1142 3595 1252 3687 ἐνσχε-

57 3717 151 3812 θείς,
180 3719 304 3816 ἕρημος
332 3720 373 3816 ἦν
400 3720 453 3789 καῖ
480 3718 684 3818 ἀβοήθητος.

110 3846 151 3918 ln
188 3845 263 3918 vita
301 3846 443 3918 Luculli
479 3871 508 3918 e.
548 3871 567 3936 3
607 3873 694 3942 pag.
730 3873 803 3939 493
844 3850 890 3920 D.
928 3850 974 3921 de
1011 3849 1250 3934 Mithradate,

54 3975 218 4048 terrestri
240 3975 431 4048 obsidione
451 4000 473 4047 a
498 3975 654 4048 Fimbria
674 3977 811 4063 cincto,
831 3978 976 4051 dicitur:
1005 3984 1145 4076 γεγονὼς
1164 3984 1252 4059 ἐντος

53 4105 205 4204 ἀρκύων,
232 4104 251 4176 i.
279 4130 311 4177 e.
340 4105 462 4201 'plagis
490 4120 650 4201 saeptus.

107 4232 446 4334 ’θρνιθοθῆραι,
482 4249 649 4331 aucupes,
686 4238 720 4309 in
750 4238 1024 4334 comparatione
1053 4255 1252 4311 occurrunt

53 4387 143 4458 pag.
178 4369 253 4435 800
280 4364 327 4434 A.
359 4363 631 4460 Comparantur
659 4392 741 4438 cum
769 4367 974 4462 aucupibus
1001 4393 1090 4442 aves
1118 4395 1251 4466 capere
