2866 5040
703 258 771 326 128

137 462 197 556 τὴν
229 463 401 531 κοινωνίαν
432 465 488 530 τοῦ
514 461 653 554 παντός,
681 459 785 540 οὕτως
812 466 843 532 οἱ
868 462 1031 556 δαιμόνων
1058 464 1152 558 γένος
1179 464 1231 559 μὴ
1262 464 1344 534 ἀπο-

136 590 327 683 λείποντες,
363 590 562 684 ἀνεπίμικτα
597 589 639 659 τὰ
675 597 741 660 τῶν
776 590 867 661 θεῶν
904 591 958 661 καί
985 588 1175 687 ἀνθρώπων
1206 597 1340 662 ποιοῦσι

138 718 193 788 καὶ
220 716 474 810 ἀσυνάλλακτα,
501 718 562 813 τὴν
591 720 832 815 ἑρμηνευτικὴν
848 719 901 789 καὶ
916 719 1102 814 διακονικὴν
1123 719 1338 818 ἀναιροῦντες

138 845 247 941 φόσιν.

183 969 351 1069 Ἥλιος,
378 973 449 1066 sol,
485 971 519 1043 in
557 972 834 1068 comparatione
869 973 1027 1046 occurrit
1064 999 1152 1069 pag.
1196 980 1267 1065 764
1299 975 1334 1048 C.

137 1102 234 1175 Dicit
261 1101 309 1174 ibi
335 1103 554 1176 Plutarchus
582 1128 746 1176 amorem
775 1117 861 1200 post
884 1104 973 1176 iram
994 1117 1031 1177 et
1049 1104 1332 1178 aemulationem
1425 1075 1433 1192 ί

103 1229 372 1305 'reconciliato
404 1233 543 1305 amasio
576 1233 787 1307 suaviorem
824 1259 905 1307 esse
942 1248 979 1307 et
1016 1234 1213 1319 acriorem,
1243 1235 1332 1308 sicut

135 1364 191 1436 sol
224 1363 417 1437 calidiores
445 1363 550 1436 mittit
577 1364 700 1436 radios
728 1364 886 1460 caligine
914 1378 952 1437 et
978 1365 1139 1438 nubibus
1166 1364 1332 1438 remotis:

137 1499 182 1574 ὡς
210 1494 237 1565 δ’
255 1493 349 1591 ἥλιος
385 1497 421 1565 ἐκ
457 1502 568 1590 νεφῶν
605 1496 660 1566 καί
687 1494 765 1591 μεθ’
798 1499 941 1593 ὁμίχλην
974 1497 1196 1594 θερμότερος,
1229 1495 1356 1576 οὕτως

131 1617 240 1722 Ἔρως
267 1623 340 1718 μετ’
360 1623 529 1720 ἀργῆςκαί
552 1624 752 1717 ζηλοτυπίας
779 1626 948 1721 ἐρωμένου
975 1626 1210 1720 διαλλαγέντος
1228 1625 1385 1721 ἡδίυυ

136 1752 190 1822 καί
217 1751 416 1850 δριμύτερος.
445 1750 575 1822 Lectio
603 1747 673 1848 μετ’
702 1755 801 1851 ὀργῆς
827 1754 881 1824 καί
909 1754 1110 1850 ζηλοτυπίας
1134 1776 1210 1823 non
1229 1766 1397 1826 rect&

137 1904 176 1951 se
204 1879 344 1951 habere
372 1892 473 1974 puto.
529 1881 630 1952 Nam
657 1904 762 1952 amor
799 1905 891 1966 non,
920 1882 1007 1952 dum
1033 1881 1114 1954 irati
1143 1906 1268 1954 sumus
1295 1892 1410 1955 Ξῖ

61 2106 63 2110 y
137 2009 381 2082 aemulatione
409 2036 602 2096 vexamur,
633 2010 749 2083 maior
776 2025 849 2096 est,
877 2013 944 2084 sed
966 2010 1019 2083 ira
1034 2024 1071 2083 et
1085 2011 1306 2084 aemulation
1350 2033 1411 2081 -e

137 2141 291 2212 sublata.
342 2142 460 2214 Porro
510 2141 677 2214 codicum
719 2141 876 2213 lectione
918 2154 1061 2214 retenta
1102 2141 1307 2237 comparati
1316 2165 1411 2212 ..ο

138 2270 329 2342 claudicat.
383 2272 480 2342 Nam
508 2271 616 2343 etiam
644 2272 700 2343 sol
727 2296 800 2343 non
830 2271 970 2344 nebulis
997 2273 1238 2357 obscuratus,
1267 2269 1407 2345 εει-ό

137 2401 279 2473 nebulis
311 2400 465 2473 remotis
492 2402 640 2473 demum
668 2401 858 2474 calidiores
886 2401 1008 2475 radios
1035 2401 1149 2474 mittit.
1203 2403 1396 2498 Itaqtte

138 2530 339 2624 legendum
367 2556 449 2603 esse
477 2531 643 2626 suspicor
669 2533 742 2630 μετ’
772 2534 871 2631 ὀργὴν
898 2534 952 2604 καί
979 2534 1196 2628 ζηλοτυπίαν.

191 2661 282 2755 Pag.
324 2685 398 2751 432
443 2661 490 2732 A.
531 2662 769 2757 philosophus
801 2661 849 2733 ait
884 2661 1040 2733 animum
1073 2684 1145 2731 non
1175 2668 1366 2756 'corpore

139 2814 330 2884 egressum
359 2792 505 2863 demum
533 2792 604 2864 vim
632 2791 818 2864 divinandi
845 2791 1010 2886 adipisci,
1040 2793 1107 2864 sed
1127 2816 1276 2888 semper
1289 2813 1349 2864 ea

138 2920 343 3015 praeditum
373 2946 473 3007 esse,
503 2921 648 2994 caecari
675 2935 799 2994 autem
813 2920 1051 3016 permixtione
1067 2935 1104 2994 et
1118 2922 1340 2995 confusione

141 3074 223 3122 cum
259 3065 390 3123 natura
423 3052 584 3136 mortali,
622 3065 887 3147 comparatque
916 3077 999 3123 eum
1028 3076 1110 3124 cum
1138 3045 1231 3139 sole,
1261 3075 1327 3124 non

139 3197 234 3264 tum,
276 3206 359 3252 cum
400 3183 517 3254 nubes
558 3182 702 3276 effugit,
743 3182 977 3276 splendorem
1018 3180 1228 3277 accipienti,
1268 3181 1326 3254 sed

141 3311 375 3405 splendorem
410 3311 557 3406 quidem
588 3337 693 3384 suum
730 3336 877 3406 semper
909 3312 1076 3398 habenti,
1108 3337 1217 3407 quem
1247 3337 1323 3407 quo·

140 3440 256 3513 minus
304 3443 477 3514 ostendat
525 3441 718 3538 impeditur
766 3441 947 3514 interdum
993 3441 1134 3514 nebulis
1175 3441 1326 3515 obortis:

141 3573 253 3669 ὥσπερ
275 3573 336 3670 γὰρ
355 3577 371 3643 ό
390 3573 483 3670 ἥλιος
502 3575 563 3670 οὐχ
582 3574 660 3645 ὅταν
680 3573 826 3670 διαφόηη
844 3574 885 3644 τὰ
903 3575 989 3669 νέφη
1008 3574 1153 3669 γίγνεται
1172 3574 1328 3671 λαμπρός,

141 3700 213 3771 ἀλλ’
247 3702 317 3771 ἔστι
353 3703 413 3797 μὲν
451 3701 504 3772 ἀεὶ
540 3704 693 3797 φαίνεται
721 3697 748 3771 δ’
775 3705 855 3798 ἡμῖν
885 3703 919 3771 έν
947 3703 1072 3798 ὁμίχλη
1100 3702 1252 3797 δυσφαὴς
1280 3700 1329 3772 καί

142 3829 298 3927 ἀμαυρός·
328 3827 431 3908 οὕτως
456 3835 479 3928 η
508 3831 598 3927 ψυχὴ
628 3831 688 3925 τὴν
716 3831 876 3926 μαντικὴν
910 3831 967 3900 οὐκ
995 3832 1169 3900 ἐπικτᾶται
1197 3829 1330 3924 δύναμιν

142 3957 269 4056 ἐκβᾶσα
304 3964 359 4028 τοῦ
401 3959 554 4054 σώματος
595 3957 708 4053 ὥσπερ
750 3961 889 4053 νέφους,
929 3957 1002 4028 ἀλλ’
1038 3959 1163 4053 ’ἔχουσα
1199 3958 1254 4028 καλ
1282 3963 1332 4027 νῦν

140 4086 320 4180 τυφλοῦται
344 4087 397 4156 διὰ
416 4088 478 4183 τὴν
497 4088 578 4184 πρδς
596 4088 633 4157 τδ
652 4086 777 4182 δνητδν
798 4086 948 4181 ἀνάμιξιν
968 4087 1072 4180 αὐτῆς
1090 4086 1145 4156 καί
1164 4085 1330 4181 σύγχυσιν.

195 4213 287 4307 Pag.
326 4219 399 4286 806
419 4213 461 4287 A.
504 4212 568 4286 viri
608 4212 731 4286 civiles
759 4213 820 4309 qui
859 4215 908 4284 ad
948 4215 1056 4285 finem
1096 4237 1211 4307 usque
1249 4235 1333 4285 suos

144 4343 335 4415 coluerunt
379 4357 641 4439 praeceptores
687 4357 724 4415 et
765 4357 1037 4415 exornaverunt
1076 4342 1170 4414 idem
1211 4341 1331 4414 facere
