2834 4964
651 281 697 347 29

77 467 247 561 ἐγείρουσα
282 465 335 535 καὶ
370 466 610 561 γαργαλίζουσα
644 459 692 562 τῷ
728 466 869 536 δοκοῦντι
896 467 1008 537 λυπεῖν
1034 470 1071 537 τδ
1096 468 1267 562 ἡδόμενον.

129 594 220 687 Pag.
250 617 295 682 93
327 591 365 665 C.
393 594 442 664 ab
460 591 680 665 inconstanti
697 592 917 665 lascivarum
936 593 1121 667 mulierum
1143 620 1268 668 amore

77 722 391 817 comparationem
431 721 576 817 petivit,
619 747 693 817 quo
725 722 810 795 loco
839 721 1034 796 miserrime
1062 724 1271 818 depravato

75 853 250 948 legimus:
291 857 391 924 αἴτιον
431 854 467 923 δὲ
508 853 591 947 μετά
630 854 762 924 πολλῶν
803 854 911 924 ἀλλων
948 855 1008 950 οὐχ
1044 853 1161 950 ἥκιστα
1191 853 1269 949 γἐῖς

76 985 186 1079 φιλίας
225 991 337 1079 κτῆσιν
377 987 400 1079 ἡ
441 989 500 1078 τῆς
539 983 735 1078 πολυφιλίας
775 981 899 1079 ὄρεξις,
940 977 1052 1079 ὥσπερ
1080 981 1270 1052 ἀκολάστων

76 1120 233 1206 γυναικῶν
269 1117 317 1207 τῷ
343 1109 497 1188 πολλάκις
525 1110 578 1180 καλ
604 1111 736 1188 πολλοῖς
764 1109 1011 1204 συμπλέκεσθαι
1037 1118 1102 1179 τῶν
1129 1112 1271 1207 πρώτων

76 1247 202 1337 κρατεῖν
231 1241 277 1334 μὴ
307 1240 494 1331 δυναμένοις
522 1239 755 1331 ἀμελουμένων
782 1239 835 1308 καλ
862 1239 1098 1335 ἀπορρεόντων.

128 1366 265 1438 Ultima
292 1367 410 1438 verba
438 1364 648 1459 Madvigius
674 1364 709 1436 in
729 1364 1094 1465 adversariiscriticis
1112 1364 1268 1460 egregia

76 1496 283 1592 sagacitate
324 1495 534 1568 emendavit
573 1494 755 1589 legendo:
804 1491 916 1593 ὥσπερ
957 1497 1040 1593 ἔρως
1080 1497 1270 1567 ἀκολάστων

75 1637 245 1722 γυναικῶν.
276 1683 282 1698 .
314 1683 320 1698 .
351 1682 358 1697 .
387 1634 513 1724 κρατεῖν
541 1627 588 1721 μὴ
617 1626 803 1720 δυνάμενος.
844 1623 963 1695 Etiam
982 1626 1098 1696 verba
1118 1629 1268 1697 αἴτιον-

75 1765 188 1853 κτῆσιν
228 1753 304 1827 iure
346 1755 580 1826 offenderunt
621 1752 772 1826 criticos.
826 1753 1022 1826 Larsenius
1058 1752 1105 1850 (in
1143 1752 1270 1826 studiis

76 1884 206 1957 criticis
246 1885 279 1957 in
309 1886 400 1956 Plut.
428 1885 520 1956 Mor.
550 1883 720 1956 Hauniae
756 1888 850 1973 1889
879 1908 966 1978 pag.
1001 1906 1065 1955 101
1098 1882 1192 1981 sqq.)
1220 1885 1269 1955 ad

73 2016 172 2086 hunc
199 2016 322 2087 locum
350 2007 522 2087 adnotat:
552 2012 760 2109 ,,Ἐναντίον,
788 2013 890 2107 quod
918 2038 985 2108 pro
1013 2019 1113 2086 αἴτιον
1140 2012 1269 2085 substi-

75 2146 252 2217 tuendum
280 2170 362 2218 esse
382 2144 522 2218 censuit
536 2141 845 2239 Wyttenbachius
860 2143 1036 2238 quodque
1051 2156 1271 2236 receperunt

75 2276 278 2348 Diibnerus
310 2289 347 2348 et
375 2272 635 2355 Bernardakis,
665 2272 917 2346 difficultatem
946 2298 1019 2344 non
1048 2271 1156 2356 tollit;
1185 2297 1271 2344 nam

76 2405 217 2500 phrasis
245 2410 385 2478 ἐναντίον
413 2410 459 2484 είς
485 2433 515 2475 τι
541 2403 600 2475 vix
628 2402 776 2475 Graeca
803 2418 876 2487 est;
895 2428 965 2475 nec
984 2402 1103 2498 magis
1121 2403 1271 2497 placent

76 2560 122 2607 ea
165 2560 261 2630 quae
304 2533 472 2608 Reiskius
513 2532 687 2605 coniecit:
729 2538 775 2613 εῖς
816 2535 925 2630 φιλίας
966 2535 1118 2627 οὐδεμιᾶς
1158 2541 1270 2630 κτῆσιν

75 2664 137 2737 vel
164 2670 209 2745 εἰς
237 2668 369 2762 ἀφιλίας
397 2673 528 2762 κτῆσιν,
558 2662 731 2757 quoniam
758 2662 812 2735 his
836 2661 1054 2735 coniecturis
1072 2661 1106 2733 in
1126 2662 1271 2735 dicendi

75 2817 198 2890 genus
239 2819 359 2889 aeque
395 2794 606 2866 abstrusum
641 2792 872 2876 incurrimus;
909 2807 946 2865 et
982 2793 1011 2865 si
1039 2793 1270 2865 Hercherum

76 2924 193 3011 secuti
226 2929 554 3022 ἐναντιοῦται-πρδς
582 2923 789 3007 scribimus,
818 2948 968 3008 vereor,
996 2948 1041 2994 ne
1069 2922 1270 2995 mutatione

77 3056 277 3128 admodum
303 3053 532 3148 improbabili
558 3053 706 3148 longius
733 3078 855 3148 aequo
880 3053 1090 3125 acodicum
1108 3052 1271 3148 vestigiis

77 3187 316 3259 abducamur.
371 3183 458 3255 Mihi
485 3183 692 3256 accuratius
720 3209 796 3256 rem
825 3182 1040 3256 deliberanti
1063 3209 1136 3274 non
1155 3185 1271 3256 verba

77 3315 213 3388 tradita
254 3315 448 3400 mutanda,
488 3316 556 3386 sed
596 3314 730 3386 lacuna
770 3314 953 3409 explenda
994 3338 1076 3386 esse
1117 3313 1269 3386 videtur.

80 3446 187 3537 Quae
223 3444 484 3518 interciderunt
519 3444 675 3516 fortasse
703 3443 752 3516 ita
779 3444 941 3539 suppleri
968 3457 1142 3539 possunt:
1171 3449 1271 3517 αῖτιον

80 3578 116 3647 δὲ
146 3577 228 3672 μετά
255 3578 387 3647 πολλῶν
415 3575 523 3645 ἀλλων
551 3575 612 3670 οὐχ
638 3574 755 3670 ἥκιστα
781 3582 854 3644 τοῦ
878 3577 933 3671 μὴ
953 3575 1078 3672 ἥκειν
1098 3579 1142 3654 εἰς
1161 3576 1270 3670 φιλίας

79 3705 222 3802 κτῆσιν.”
251 3704 333 3796 Qua
353 3703 510 3775 lectione
529 3715 681 3796 recepta
701 3702 820 3774 omnia
840 3717 941 3775 recte
960 3729 1000 3776 se
1016 3705 1154 3775 habere
1170 3715 1270 3796 puto.

132 3837 223 3930 Pag.
258 3859 325 3925 134
356 3835 393 3905 F.
422 3832 585 3905 homines
602 3832 664 3927 qui
684 3831 862 3905 cruditate
890 3833 1103 3905 laborantes
1125 3846 1271 3904 contur-

80 3965 206 4037 bantia
238 3990 282 4037 ac
311 3988 446 4058 corpus
474 3962 745 4058 corrumpentia
782 3962 1048 4035 medicamenta
1076 3962 1268 4044 adhibent,

79 4110 120 4167 ut
156 4094 295 4190 impleri
330 4119 454 4167 rursus
490 4108 528 4166 et
563 4095 755 4188 voluptate
791 4092 858 4165 frui
894 4093 1051 4188 possint,
1080 4105 1272 4186 comparat

81 4251 165 4299 cum
193 4225 388 4299 libidinosis
416 4224 624 4297 mulieribus
652 4226 824 4297 abortum
851 4237 916 4295 aut
943 4223 1063 4295 foetus
1090 4222 1272 4295 interitum

80 4356 276 4430 efficientia
316 4381 460 4428 venena
500 4354 743 4428 sumentibus:
785 4354 975 4451 ταρακτικὰς
1011 4355 1063 4425 καλ
1091 4353 1271 4452 φθαρτικὰς
