2834 4964
655 261 721 329 117

152 446 471 545 Σκολόπενθραι,
500 447 753 541 scolopendrae.
790 447 827 517 A
846 447 1173 541 scolopendrarum
1194 473 1295 520 more

100 570 210 649 hamo
237 589 370 649 vorato
399 601 439 651 se
466 576 668 649 invertendi
690 576 888 670 imaginem
903 576 1055 671 sumpsit
1068 592 1194 650 noster
1207 603 1295 673 pag.

117 711 179 797 567
198 707 254 778 B.:
296 707 366 778 όσοι
402 707 438 778 δέ
474 708 657 806 πρόσχημα
688 708 741 779 καί
769 708 865 787 δόξαν
895 709 1016 805 ἀρετῆς
1043 709 1297 808 περιβαλόμενοι

116 831 275 936 θιεβίωσαν
311 838 411 932 κακίᾳ
448 834 682 932 λανθανούσῃ,
721 837 908 931 ἠνάγκαζον
946 836 1050 935 ἕτεροι
1077 836 1306 934 περιεστῶτες

123 964 320 1063 ἐκτρέπεσθαι
360 965 401 1037 τὰ
442 968 532 1043 ἐντος
572 965 636 1043 ἔξω
677 971 737 1059 τῆς
779 966 891 1060 ψυχῆς
931 965 1179 1060 ἰλυσπωμένους
1206 964 1296 1061 παρά

127 1092 202 1187 φάσιν
228 1095 280 1165 καί
299 1095 635 1189 ἀνακαμπτομένους,
655 1093 768 1190 ὥσπερ
788 1097 824 1163 αί
843 1092 1021 1164 θαλάττιαι
1040 1093 1296 1191 σκολόπενδραι,

129 1229 319 1293 καταπιοῦσαι
347 1223 384 1293 τό
411 1222 604 1320 ἄγκιστρον,
632 1223 845 1318 ἐκτρέπουσιν
873 1220 1003 1300 ἑαυτάς.

163 1344 376 1449 Ὄστρεον,
404 1349 646 1443 conchylium,
676 1373 763 1442 pag.
799 1370 866 1441 135
891 1349 930 1418 B.
958 1347 991 1418 in
1021 1348 1295 1442 comparatione

129 1475 298 1550 invenitur:
327 1482 463 1577 ὀστρέου
491 1482 577 1560 τινός
605 1481 679 1576 ζωῇ
705 1481 892 1577 προςεοικός
920 1482 991 1550 ἐστι
1010 1481 1047 1549 το
1067 1480 1295 1574 ἀμετάστατον

129 1614 219 1704 τοῦτο,
256 1609 274 1680 i.
303 1634 334 1682 e.
376 1608 465 1680 illud
506 1606 728 1679 immutabile
765 1631 885 1702 genus
923 1606 1066 1679 vivendi
1099 1607 1213 1679 simile
1241 1623 1297 1680 est

129 1738 281 1834 conchylii
311 1738 426 1811 vitae.
482 1738 648 1809 Eandem
690 1736 1002 1832 comparationem
1042 1739 1156 1809 habet
1191 1737 1296 1810 Plato

128 1861 154 1933 in
176 1866 298 1941 Phileb.
326 1893 415 1963 pag.
446 1873 492 1958 76
508 1868 571 1949 Ε.,
601 1867 634 1938 in
663 1867 818 1939 Phaedr.
847 1892 933 1962 pag.
964 1873 1037 1958 346
1054 1868 1100 1939 D.

155 1990 362 2096 Πρυλόπο
373 2026 391 2069 υ
402 2027 417 2079 ς
428 2056 436 2094 ,
448 1998 612 2092 polypus.
627 1997 759 2094 Polypi
781 1999 984 2071 secundum
999 1997 1194 2069 Aelianum
1210 1999 1295 2070 Var.

131 2119 199 2197 Hist.
237 2128 270 2212 Ι,
323 2152 334 2199 1
386 2129 456 2201 sub
496 2127 656 2222 scopulis
695 2127 880 2200 latitantes
920 2129 1050 2201 sedent
1089 2142 1127 2201 et
1167 2153 1294 2200 eorum

75 2338 78 2347 Ι
131 2254 264 2329 colorem
291 2256 447 2330 induunt
474 2272 586 2353 atque
613 2256 708 2330 idem
737 2283 819 2330 cum
840 2258 1000 2353 scopulis
1019 2283 1099 2331 esse
1118 2258 1294 2331 videntur.

131 2379 199 2457 Cum
222 2386 330 2482 igitur
356 2388 496 2483 pisces,
524 2402 711 2484 tamquam
734 2389 783 2460 ad
797 2389 988 2484 scopulos,
1008 2389 1058 2461 ita
1073 2390 1122 2461 ad
1135 2391 1294 2484 polypos

127 2512 297 2601 adnatant,
328 2518 378 2591 illi
405 2517 478 2591 suis
505 2517 624 2604 cirris,
652 2533 692 2591 ut
718 2519 875 2603 retibus,
903 2519 1152 2614 imprudentes
1179 2519 1293 2614 impli-

127 2658 204 2749 cant
236 2647 288 2720 Cf.
330 2648 441 2721 etiam
482 2649 574 2720 Plut.
615 2650 662 2720 de
703 2649 845 2721 Sollert
886 2649 1006 2721 Anim.
1033 2674 1120 2744 pag.
1149 2655 1223 2740 978
1252 2651 1292 2721 E.

75 2810 77 2815 v
128 2771 215 2849 Unde
253 2778 470 2851 Plutarchus
521 2803 609 2873 pag.
654 2801 698 2871 52
736 2779 775 2850 F.
826 2777 1026 2851 adulatoris
1074 2778 1294 2851 mutationes

120 2905 203 2976 —cum‘
211 2908 336 3004 polypi
362 2908 666 2981 conversionibus
694 2922 904 3004 comparat:
932 2910 991 2989 τὰς
1019 2912 1055 2982 δὲ
1081 2916 1138 2981 τοῦ
1156 2911 1294 2989 κολακος

123 3030 215 3134 ὥσπερ
240 3038 445 3118 πουλύποδος
472 3039 596 3138 τροπάς
623 3043 732 3137 ῥᾷστα
761 3041 948 3138 φωράσειεν
977 3039 1016 3109 ἄν
1045 3066 1093 3118 τις
1120 3067 1150 3109 κ.
1166 3065 1194 3108 τ.
1210 3040 1241 3109 λ.

164 3161 235 3239 Ηυο
263 3165 422 3262 pertinet
449 3165 556 3238 etiam
583 3166 810 3261 comparatio
838 3192 925 3262 pag.
958 3189 998 3259 51
1019 3167 1084 3252 D.‚
1114 3165 1176 3236 ubi
1203 3165 1293 3260 legi-

120 3314 199 3364 mus·
237 3299 308 3368 ἔστι
344 3298 404 3392 μέν
442 3296 497 3368 οὖν
535 3298 589 3368 διὰ
623 3304 727 3369 ταῦτα
761 3300 977 3397 δυσφώρατος
1004 3301 1020 3367 ὁ
1049 3299 1133 3396 ἀνὴρ
1161 3295 1247 3384 (scil.
1275 3301 1292 3366 ὁ

117 3421 231 3520 κολαξ),
268 3425 383 3524 ὥσπερ
419 3434 487 3496 τῶν
524 3425 652 3524 θηρίων
690 3426 751 3497 άσα
788 3428 959 3522 πεφυκότα
995 3428 1056 3522 τὴν
1093 3427 1195 3525 χρόαν
1224 3428 1294 3524 τρέ-

116 3552 220 3625 πεσθαι
246 3560 527 3650 συναφομοιοῦται
554 3561 620 3633 τοῖς
648 3556 877 3649 ὑποκειμένοις
901 3555 1056 3654 χρώμασι
1075 3555 1130 3626 καί
1148 3557 1290 3652 χωρίοις.

115 3677 262 3755 Eandem
284 3681 596 3777 comparationem
606 3681 895 3777 habetEupolis:
917 3686 1002 3782 ἀνὴρ
1021 3685 1160 3779 πολίτης
1173 3682 1291 3754 πουλό-

112 3835 179 3891 πους
203 3817 235 3893 ἐς
265 3813 339 3892 τοὺς
365 3815 514 3912 τρόπους.
542 3811 698 3885 Locutio
726 3812 934 3893 πουλύποδος
960 3813 1078 3910 τροπαί
1106 3810 1290 3906 proverbii

112 3935 172 4012 vim
196 3940 346 4037 accepit.
387 3941 688 4036 CtDiogen.1,
723 3966 779 4031 23.
816 3943 951 4013 Zenob.
981 3942 1014 4026 l,
1046 3964 1102 4031 24.

154 4079 187 4152 A
205 4080 304 4154 cirris
321 4081 449 4176 polypi
467 4080 665 4176 imaginem
684 4096 810 4153 noster
829 4079 1055 4176 deprompsit
1067 4105 1154 4175 pag.
1171 4085 1214 4152 61
1231 4082 1288 4165 D„

111 4208 163 4281 ubi
186 4211 236 4283 ait
262 4211 492 4284 adulatorem
512 4210 778 4297 curiositatem,
794 4209 994 4283 calumnias
1008 4208 1287 4304 malignitatem-

107 4363 170 4432 que
195 4365 317 4428 suam,
345 4342 446 4414 velut
474 4341 649 4438 polypum
678 4340 809 4428 cirros,
838 4341 873 4412 in
901 4339 1000 4434 ipsas
1023 4364 1138 4434 usque
1155 4341 1286 4412 domus
