2834 4964
95 95 181 168 de
216 123 318 170 muro
345 122 386 171 se
413 97 491 192 ipse
519 98 555 169 in
574 98 698 170 hostes
730 97 890 182 demisit,
919 98 1033 172 hastis
1058 98 1183 172 iaculis
1205 99 1333 174 strictis

97 225 270 314 gladiis
306 252 391 299 eum
427 226 665 322 excipientes,
708 241 901 323 comparat
936 253 1021 301 cum
1047 227 1199 302 fulminis
1226 229 1348 328 igne‚'

98 375 220 430 curn
259 356 397 452 impetu
438 371 476 430 et
516 359 605 430 flatu
645 382 685 430 se
723 357 970 454 proripientis:
998 354 1215 458 Ἀλεξάνδρου
1243 361 1277 433 δ’,
1297 365 1331 433 ἐν

101 474 347 586 ’Ὀξυδράκαις
381 491 419 558 τδ
456 489 561 560 δεινδν
598 491 704 560 ἐκεῖνο
741 489 885 585 πήδημα
920 488 975 560 καί
1013 488 1150 560 ἄπιστον
1178 489 1332 562 ἀκούουσι

104 618 194 687 καί
225 615 409 713 θεωμένοις
444 617 606 716 φοβερόν,
643 619 680 688 ἐκ
716 625 840 714 τειχῶν
858 618 1013 715 άφέντος
1040 620 1158 688 ἑαυτδν
1186 621 1231 697 εἰς
1258 619 1332 698 τοὺς

106 748 316 840 πολεμίους
343 746 456 843 δόρασι
484 745 538 816 καί
567 745 678 846 βέλεσι
705 745 760 817 καί
787 746 894 843 ξίφεσι
922 753 1054 842 γυμνοῖς
1077 747 1330 843 ἐκδεχομένους,

108 873 201 944 τίνι
236 875 276 947 ἄν
305 900 354 952 τις
381 873 544 946 εἰκάσειεν
571 875 594 969 ἢ
622 874 699 971 πυρί
727 876 890 971 κεραυνίῳ
918 877 1048 971 ῥαγέντι
1075 874 1130 945 καί
1157 877 1331 973 φερομένου

100 1003 223 1089 μετὰ
249 1002 438 1098 πνεύματος
455 1029 463 1089 ;

330 1275 348 1372 ξ
374 1300 408 1366 4.
463 1276 741 1347 METAPHORAE
767 1299 794 1347 A
821 1300 954 1348 TERRA
979 1299 1136 1349 uucrnu.

189 1519 350 1591 Primum
378 1518 563 1590 vocabula
591 1519 696 1616 ὅρος,
713 1519 811 1612 finis
838 1531 875 1590 et
894 1520 1105 1617 μεθόριον,
1124 1520 1330 1614 confinium,

137 1672 247 1722 sensu
278 1649 455 1721 translato
483 1647 581 1720 dicta
608 1646 754 1742 saepius
781 1649 882 1743 apud
905 1662 1068 1720 nostrum
1083 1649 1329 1744 reperiuntur,

142 1779 251 1851 veluti
290 1778 325 1850 in
362 1802 523 1872 compar.
560 1777 663 1850 Bruti
690 1791 729 1850 et
755 1777 884 1850 Dionis
916 1804 945 1851 c.
975 1803 995 1869 3
1025 1803 1112 1874 pag.
1148 1769 1329 1852 1010‘E.:

141 1906 302 2008 Βροῦτον,
339 1910 465 2007 ἔχθρας
499 1909 566 2007 ὅρῳ
602 1908 656 1979 καί
692 1910 804 2004 φιλίας
839 1910 885 1980 ἑνί
912 1912 1085 2008 χρώμενον
1113 1918 1164 2007 τῷ
1190 1911 1327 2007 δικαίῳ,

140 2036 272 2110 invita
301 2037 446 2111 Galbae
466 2062 496 2109 c.
525 2042 567 2109 16
596 2061 684 2132 pag.
719 2043 815 2110 1060
843 2039 899 2109 B.:
918 2045 974 2109 τοῦ
993 2039 1029 2110 δὲ
1046 2039 1236 2137 πράγματος
1254 2039 1327 2137 ὅρον

139 2171 192 2240 οὐκ
229 2171 384 2265 ἔχοντος,
420 2192 509 2262 pag.
554 2172 623 2238 126
652 2165 717 2238 Α.;
744 2168 818 2247 τοὺς
845 2168 938 2266 ὅρους
964 2173 1024 2262 τῆς
1049 2167 1173 2264 ἡδονῆς
1200 2194 1329 2262 μετατι-

138 2299 232 2373 θέναι
260 2301 305 2377 εἰς
332 2297 574 2397 τοῦμπροσθεν.
605 2295 657 2370 cf.
676 2295 710 2368 in
732 2296 805 2369 vita
825 2294 926 2368 Bruti
945 2320 975 2367 c.
994 2318 1041 2385 42
1063 2319 1150 2390 pag.
1173 2319 1265 2386 1003
1287 2296 1326 2366 F.

171 2427 281 2529 „Peg
310 2447 382 2516 740
405 2410 446 2496 Ε.
466 2425 585 2498 anima
602 2426 794 2522 Elpenoris
814 2451 886 2498 non
907 2425 1065 2498 manium
1084 2425 1120 2497 iu
1140 2451 1327 2498 numerum

126 2532 328 2630 'inferenda
365 2581 446 2628 esse
478 2555 625 2642 dieitur,
653 2559 720 2629 sed
748 2557 929 2652 insepulto
958 2580 1116 2650 corpore
1142 2569 1328 2651 tamquam

135 2687 170 2758 in
212 2685 417 2759 confinibus
457 2700 577 2758 terrae
618 2700 656 2759 et
696 2687 772 2759 orci
808 2685 1003 2758 etiamnum
1041 2684 1189 2780 vagari:
1216 2693 1239 2784 ἡ
1267 2689 1327 2783 μέν

138 2816 338 2915 Ἐλπήνορος
375 2815 461 2912 (scil.
489 2819 615 2915 φυγή),
653 2817 746 2888 oium
783 2819 1057 2912 καταμεμιγμένη
1086 2823 1159 2896 ταῖς
1186 2818 1220 2886 ἐν
1248 2811 1328 2912 ᾅδου

136 2947 191 3018 διὰ
215 2950 252 3018 τδ
280 2949 327 3042 μὴ
355 2947 526 3043 τεθάφθαι
553 2950 606 3018 τδν
634 2947 764 3045 νεκράν,
780 2945 893 3044 ὥσπερ
912 2948 947 3015 έν
967 2943 1132 3043 μεθορίοις
1150 2946 1327 3016 πλανᾶται.

189 3076 280 3170 Pag.
317 3081 393 3165 416
433 3074 472 3147 C.
500 3074 550 3147 ait
576 3073 817 3170 philosophus
844 3086 995 3146 naturas
1021 3097 1103 3169 esse
1131 3073 1328 3168 quasdam,

137 3205 247 3278 veluti
284 3205 318 3277 in
357 3204 516 3278 confinio
543 3207 698 3278 deorum
726 3218 837 3298 atque
865 3203 1050 3276 hominum
1077 3201 1328 3297 interpositas:

140 3335 252 3432 φάσεις
292 3339 358 3408 εἰσί
396 3363 478 3415 τινες
519 3336 632 3435 ὥσπερ
673 3338 708 3406 ἐν
746 3333 893 3433 μεθορίῳ
930 3335 1020 3406 θεῶν
1048 3334 1102 3406 καί
1129 3334 1327 3429 ἀνθρώπων.

140 3463 188 3536 Cs.
215 3488 304 3559 pag.
340 3488 405 3555 133
437 3466 503 3550 D.,
538 3487 603 3554 132
635 3464 695 3549 E.‚
728 3483 797 3553 777
828 3461 867 3535 C.
920 3542 927 3566 ‚

187 3594 279 3689 Pag.
324 3616 397 3687 530
435 3595 481 3667 A.
516 3595 638 3690 pudor
674 3592 840 3678 vitiosus,
876 3591 1090 3687 turpissimis
1122 3591 1328 3686 quibusque

139 3726 248 3797 rebus
275 3737 312 3797 et
339 3724 432 3797 vitiis
455 3725 712 3820 occupandum
730 3749 770 3796 se
791 3723 975 3818 praebens
994 3736 1228 3818 comparatur
1246 3746 1328 3794 cum

138 3856 220 3938 loco
255 3855 378 3927 humili
414 3869 452 3928 et
488 3855 604 3942 molli,
644 3853 785 3928 facilem
813 3853 951 3926 aditum
979 3852 1077 3925 omni
1104 3851 1196 3924 hosti
1223 3876 1328 3946 prae-

138 3985 255 4057 benti:
288 3986 388 4079 άθεν,
416 3986 678 4088 ὥσπεργονρίον
706 3984 817 4057 ὕπτιον
844 3985 898 4056 καί
925 3985 1072 4079 μαλακδν
1103 3989 1125 4080 ἡ
1155 3984 1329 4077 δυσωπία,
