2834 4964
681 205 780 319 ιε’

106 434 142 506 in
171 433 310 507 musico
339 448 524 521 concentu
550 407 637 507 uitia
665 434 842 521 oriuntur,
861 434 1083 532 principibus
1102 436 1218 510 modis
1236 461 1302 509 seu

107 564 204 638 tonis
244 563 388 637 nimium
429 554 494 636 aut
533 589 606 636 non
647 563 734 637 satis
776 564 974 638 contentis:
1015 567 1072 647 τὰς
1107 567 1168 666 γὰρ
1201 568 1303 647 ἄλλας

108 694 196 795 (scil.
237 693 416 790 πολιτείας)
458 696 571 793 ὥσπερ
612 698 646 765 ἐν
680 702 745 775 τοῖς
781 705 942 790 μουσικοῖς
979 697 1201 794 διαγράμμασι
1236 705 1302 768 τῶν

107 827 250 923 πράιτων
284 826 412 922 τρόπων
449 825 626 918 ἀνιεμένων
652 826 674 920 ἢ
703 826 952 919 ἐπιτεινομένων
979 825 1170 926 συμβέβηκε
1198 852 1302 924 παρα-

107 953 254 1051 κρούσεις
280 953 332 1023 καί
360 950 541 1049 διαφθορὰς
567 951 636 1022 κατ’
664 953 806 1049 ἔλλειψιν
834 953 887 1023 καί
914 953 1100 1052 ὑπερβολὴν
1127 956 1219 1024 εἶναι.

161 1082 278 1153 Porro
315 1080 552 1174 metaphorae
590 1104 612 1151 a
648 1104 843 1151 nervorum
870 1079 1070 1153 intentione
1098 1094 1136 1153 et
1163 1081 1303 1154 relaxa-

107 1211 206 1284 tione
247 1211 489 1304 depromptae
530 1209 776 1304 reperiuntur:
813 1235 901 1305 pag.
942 1232 985 1304 55
1027 1212 1093 1296 D.‚
1132 1217 1205 1302 809
1243 1212 1302 1298 F.,

107 1364 183 1435 474
214 1341 280 1424 Α.,
311 1346 382 1413 802
413 1341 472 1426 F„
502 1345 549 1413 88
578 1341 645 1426 D.‚
680 1364 746 1430 133
778 1340 825 1412 A.
1133 1355 1136 1359 ’

160 1472 274 1566 *Pag.
313 1495 331 1561 3
371 1471 418 1541 D.
459 1470 713 1564 metaphoram
740 1470 893 1566 sumpsit
920 1473 970 1560 ab
998 1471 1159 1566 epitonio
1184 1453 1302 1567 lyrae.

121 1573 122 1576 Ἴ
161 1599 406 1673 Ἐπιτόνιον
455 1613 578 1672 autem
629 1599 760 1698 (Latini
810 1606 1007 1697 epitonium
1058 1600 1196 1699 dicunt)
1247 1615 1303 1674 est

108 1729 359 1811 manubrium,
395 1755 470 1826 quo
506 1731 686 1803 vertendo
718 1731 944 1804 instrumenti
971 1732 1097 1806 musici
1124 1733 1217 1805 fides
1244 1732 1304 1804 vel

106 1859 345 1931 intenduntur
372 1860 683 1945 vel=relaxantur,
711 1874 752 1932 ut
772 1861 914 1934 acutior
932 1875 998 1934 aut
1020 1861 1173 1958 gravior
1191 1884 1303 1934 sonus

108 1988 297 2074 audiatur;
324 1989 421 2062 idem
449 2003 504 2062 est
532 2003 644 2085 atque
672 1997 689 2063 ὁ
716 1993 836 2091 κολλοψ
864 1991 940 2064 sive
960 1999 976 2065 ὁ
995 1993 1172 2093 κολλαβος,
1192 2016 1303 2087 quem

107 2118 181 2190 iam
210 2121 397 2192 Homerus
425 2119 535 2192 novit.
590 2120 642 2193 Cf.
672 2119 809 2213 Odyss.
840 2145 906 2203 21,
935 2143 1031 2212 407:
1061 2123 1216 2195 ἐτάνυσσε
1238 2124 1303 2218 νέῳ

108 2232 186 2347 περὶ
212 2251 345 2321 κολλοτι
372 2251 505 2348 χορδήν.
542 2249 810 2345 Aristophanes
828 2252 898 2324 hoc
919 2252 1143 2324 vocabulum
1162 2228 1304 2352 tropice

109 2392 265 2472 usurpat
303 2377 337 2448 in
378 2379 529 2474 Vespis‚
572 2401 664 2473 572:
705 2381 736 2478 χ’
767 2386 863 2478 ἡμεῖς
890 2384 981 2480 αὐτῷ
1006 2384 1079 2453 τότε
1113 2390 1172 2479 τῆς
1204 2384 1303 2479 ὀργῆς

109 2511 217 2604 ὀλίγον
257 2512 310 2580 τον
346 2510 477 2581 κολλοπ’
514 2513 655 2606 ἀνεῖμεν.
708 2510 770 2581 Ad
806 2534 915 2605 quem
951 2511 1074 2583 locum
1107 2509 1304 2583 scholiasta

108 2637 284 2743 adnotat:¹
320 2640 483 2720 rollonec
514 2640 663 2734 λέγονται
690 2645 720 2710 oi
745 2642 963 2712 πασσαλισκοί
989 2649 1048 2738 τῆς
1075 2640 1232 2739 κιθάρας,
1260 2643 1305 2718 εἰς

108 2767 165 2846 οὓς
203 2768 462 2861 ἀποὸεσμοῦνται
500 2772 534 2837 αἱ
559 2770 669 2865 νευραί
695 2770 748 2839 καὶ
774 2771 930 2840 τείνονται
958 2772 1197 2867 στρεφομένων.
1253 2766 1305 2839 Cf.

107 2895 302 2966 Platonem
344 2894 378 2965 in
420 2921 459 2967 re
500 2896 598 2990 publ.
640 2897 727 2981 Vll,
771 2918 837 2989 531
873 2898 912 2968 B.
941 2898 1118 2970 et'schol.
1146 2896 1255 2980 adh
1282 2897 1303 2968 l.

108 3026 238 3097 Verba
265 3024 450 3097 Plutarchi
476 3026 569 3098 haec
597 3040 697 3098 sunt:
726 3033 748 3125 ἡ
776 3028 837 3127 γάρ
865 3031 1040 3126 συντροφία
1068 3029 1180 3126 ὥσπερ
1200 3029 1305 3098 ἐπιτά-

108 3159 175 3229 νιόν
217 3161 284 3227 ἐστι
323 3164 383 3254 τῆς
423 3159 559 3236 εὐνοίας.
615 3157 734 3248 Quem
777 3159 825 3228 ad
862 3158 1010 3229 modum
1046 3156 1157 3251 igitur
1192 3181 1305 3228 sonus

108 3285 308 3358 intenditur
335 3284 495 3380 epitonio
522 3288 721 3373 vertendo,
749 3287 799 3360 ita
823 3287 995 3360 convictu
1014 3300 1175 3382 augetur
1193 3288 1306 3358 bene-

109 3415 282 3488 volentia.

153 3547 227 3618 -Ab
264 3547 468 3618 harmoniis
503 3549 756 3643 metaphoram
793 3549 920 3644 petivit
956 3573 1043 3643 pag.
1079 3554 1123 3639 83
1155 3549 1214 3630 F.,
1244 3546 1307 3618 ubi

106 3676 197 3748 dicit
224 3676 330 3749 nobis
358 3677 407 3748 ad
435 3677 712 3752 constituendos
740 3694 886 3752 nostros
910 3679 945 3751 in
965 3679 1098 3752 virtute
1117 3676 1306 3773 profectus

111 3807 420 3880 considerandum
460 3831 541 3880 esse
575 3814 603 3881 εἰ
643 3810 779 3909 Δωρίοις
815 3812 937 3906 μᾶλλον
964 3812 987 3907 ἢ
1016 3809 1164 3902 Λυδίοις,
1192 3810 1305 3906 ὥσπερ

109 3942 141 4007 οί
177 3938 426 4032 μελῳδοῦντες,
456 3938 651 4038 ὑπερβολαῖς
685 3939 933 4036 ἁμαρτάνομεν,
961 3962 1057 4032 quae
1085 3937 1201 4007 verba
1227 3935 1304 4030 ipse

109 4063 271 4159 explicat
297 4041 490 4136 addendo:
510 4068 721 4164 σκληρότεροι
739 4068 814 4165 περί
833 4069 892 4163 τὴν
913 4067 1035 4137 δίαιταν
1054 4067 1142 4143 ὄντες
1161 4067 1183 4161 ἢ
1204 4067 1307 4160 μαλα-

109 4199 258 4293 κώτεροι.
313 4193 452 4266 Dorica
480 4208 604 4267 autem
632 4194 820 4266 harmonia
849 4207 929 4266 erat
955 4192 1081 4288 gravis
1099 4206 1137 4264 et
1155 4216 1304 4278 severa,

109 4323 231 4420 Lydia
269 4323 385 4397 mollis
422 4338 459 4396 et
495 4324 585 4397 levis
623 4324 681 4418 (cf.
717 4324 809 4396 Plut.
847 4326 893 4396 de
935 4323 1072 4395 musica
1100 4349 1131 4396 c.
1166 4329 1219 4395 ro.
1247 4323 1305 4394 W.
