<?xml version="1.0" encoding="UTF-8"?>
<!DOCTYPE html PUBLIC "-//W3C//DTD XHTML 1.0 Transitional//EN"
    "http://www.w3.org/TR/xhtml1/DTD/xhtml1-transitional.dtd">
<html xmlns="http://www.w3.org/1999/xhtml" xml:lang="en" lang="en">
 <head>
  <title>
</title>
<meta http-equiv="Content-Type" content="text/html;charset=utf-8" />
  <meta name='ocr-system' content='tesseract 3.04.00' />
  <meta name='ocr-capabilities' content='ocr_page ocr_carea ocr_par ocr_line ocrx_word'/>
</head>
<body>
  <div class='ocr_page' id='page_1' title='image "./decomparationib00drongoog_0076.png"; bbox 0 0 2834 4964; ppageno 0'>
   <div class='ocr_carea' id='block_1_1' title="bbox 683 235 729 305">
    <p class='ocr_par' dir='ltr' id='par_1_1' title="bbox 683 235 729 305">
     <span class='ocr_line' id='line_1_1' title="bbox 683 235 729 305; baseline -0.043 0"><span class='ocrx_word' id='word_1_1' title='bbox 683 235 729 305; x_wconf 89' lang='grc'>59</span> 
     </span>
    </p>
   </div>
   <div class='ocr_carea' id='block_1_2' title="bbox 107 421 1302 2067">
    <p class='ocr_par' dir='ltr' id='par_1_2' title="bbox 107 421 1300 1042">
     <span class='ocr_line' id='line_1_2' title="bbox 161 421 1300 516; baseline 0.002 -24"><span class='ocrx_word' id='word_1_2' title='bbox 161 423 254 516; x_wconf 89' lang='lat' dir='ltr'>Pag.</span> <span class='ocrx_word' id='word_1_3' title='bbox 296 445 315 511; x_wconf 80' lang='lat'>3</span> <span class='ocrx_word' id='word_1_4' title='bbox 323 442 371 513; x_wconf 85' lang='lat'>50</span> <span class='ocrx_word' id='word_1_5' title='bbox 398 421 445 492; x_wconf 91' lang='lat' dir='ltr'>D.</span> <span class='ocrx_word' id='word_1_6' title='bbox 486 421 533 493; x_wconf 95' lang='lat' dir='ltr'>de</span> <span class='ocrx_word' id='word_1_7' title='bbox 560 421 721 493; x_wconf 90' lang='lat' dir='ltr'>Isocrate</span> <span class='ocrx_word' id='word_1_8' title='bbox 748 435 895 493; x_wconf 91' lang='lat' dir='ltr'>oratore</span> <span class='ocrx_word' id='word_1_9' title='bbox 922 421 1031 493; x_wconf 90' lang='lat' dir='ltr'>dicit:</span> <span class='ocrx_word' id='word_1_10' title='bbox 1060 424 1219 494; x_wconf 73' lang='grc' dir='ltr'>ἀντίθετα</span> <span class='ocrx_word' id='word_1_11' title='bbox 1245 424 1300 494; x_wconf 83' lang='grc' dir='ltr'>καί</span> 
     </span>
     <span class='ocr_line' id='line_1_3' title="bbox 107 551 1300 652; baseline -0.003 -27"><span class='ocrx_word' id='word_1_12' title='bbox 107 555 234 652; x_wconf 91' lang='grc' dir='ltr'>παρίσα</span> <span class='ocrx_word' id='word_1_13' title='bbox 273 552 328 623; x_wconf 78' lang='grc' dir='ltr'>καί</span> <span class='ocrx_word' id='word_1_14' title='bbox 368 552 579 647; x_wconf 75' lang='grc' dir='ltr'>ὁμοιόπτωτα</span> <span class='ocrx_word' id='word_1_15' title='bbox 614 553 741 622; x_wconf 81' lang='grc' dir='ltr'>κολλῶν</span> <span class='ocrx_word' id='word_1_16' title='bbox 778 551 833 623; x_wconf 84' lang='grc' dir='ltr'>καὶ</span> <span class='ocrx_word' id='word_1_17' title='bbox 868 552 1052 644; x_wconf 78' lang='grc' dir='ltr'>συντιθείς,</span> <span class='ocrx_word' id='word_1_18' title='bbox 1086 551 1223 647; x_wconf 84' lang='grc' dir='ltr'>μονονοὺ</span> <span class='ocrx_word' id='word_1_19' title='bbox 1250 579 1300 622; x_wconf 95' lang='grc' dir='ltr'>κο-</span> 
     </span>
     <span class='ocr_line' id='line_1_4' title="bbox 108 679 1299 779; baseline -0.003 -27"><span class='ocrx_word' id='word_1_20' title='bbox 108 682 276 779; x_wconf 74' lang='grc' dir='ltr'>λαπτῆρσι</span> <span class='ocrx_word' id='word_1_21' title='bbox 304 707 358 751; x_wconf 94' lang='grc' dir='ltr'>και</span> <span class='ocrx_word' id='word_1_22' title='bbox 385 681 541 776; x_wconf 77' lang='grc' dir='ltr'>ξυστῆρσι</span> <span class='ocrx_word' id='word_1_23' title='bbox 568 679 626 758; x_wconf 88' lang='grc' dir='ltr'>τόις</span> <span class='ocrx_word' id='word_1_24' title='bbox 645 680 815 777; x_wconf 80' lang='grc' dir='ltr'>περιόδους</span> <span class='ocrx_word' id='word_1_25' title='bbox 830 681 1036 750; x_wconf 82' lang='grc' dir='ltr'>ἀπολεαίνων</span> <span class='ocrx_word' id='word_1_26' title='bbox 1050 681 1104 751; x_wconf 84' lang='grc' dir='ltr'>καί</span> <span class='ocrx_word' id='word_1_27' title='bbox 1118 681 1299 778; x_wconf 73' lang='grc' dir='ltr'>ῥυθμίζων,</span> 
     </span>
     <span class='ocr_line' id='line_1_5' title="bbox 107 807 1300 905; baseline 0 -25"><span class='ocrx_word' id='word_1_28' title='bbox 107 809 258 881; x_wconf 83' lang='lat' dir='ltr'><strong>nimiam</strong></span> <span class='ocrx_word' id='word_1_29' title='bbox 287 809 365 881; x_wconf 90' lang='lat' dir='ltr'>eius</span> <span class='ocrx_word' id='word_1_30' title='bbox 393 807 567 879; x_wconf 89' lang='lat' dir='ltr'>orationis</span> <span class='ocrx_word' id='word_1_31' title='bbox 590 807 872 902; x_wconf 85' lang='lat' dir='ltr'>componendae</span> <span class='ocrx_word' id='word_1_32' title='bbox 887 807 1157 903; x_wconf 88' lang='lat' dir='ltr'>poliendaeque</span> <span class='ocrx_word' id='word_1_33' title='bbox 1171 833 1300 905; x_wconf 90' lang='lat' dir='ltr'>curam</span> 
     </span>
     <span class='ocr_line' id='line_1_6' title="bbox 108 938 813 1042; baseline -0.003 -31"><span class='ocrx_word' id='word_1_34' title='bbox 108 965 194 1012; x_wconf 90' lang='lat' dir='ltr'>cum</span> <span class='ocrx_word' id='word_1_35' title='bbox 221 938 415 1033; x_wconf 90' lang='lat' dir='ltr'>sculptoris</span> <span class='ocrx_word' id='word_1_36' title='bbox 443 962 556 1032; x_wconf 90' lang='lat' dir='ltr'>opere</span> <span class='ocrx_word' id='word_1_37' title='bbox 583 961 813 1042; x_wconf 87' lang='lat' dir='ltr'>comparans.</span> 
     </span>
    </p>

    <p class='ocr_par' dir='ltr' id='par_1_3' title="bbox 107 1061 1302 2067">
     <span class='ocr_line' id='line_1_7' title="bbox 162 1061 1300 1163; baseline 0.001 -25"><span class='ocrx_word' id='word_1_38' title='bbox 162 1070 253 1163; x_wconf 82' lang='lat' dir='ltr'>Pag.</span> <span class='ocrx_word' id='word_1_39' title='bbox 295 1089 367 1159; x_wconf 83' lang='lat'>337</span> <span class='ocrx_word' id='word_1_40' title='bbox 411 1066 450 1140; x_wconf 84' lang='lat' dir='ltr'>C.</span> <span class='ocrx_word' id='word_1_41' title='bbox 491 1068 692 1148; x_wconf 88' lang='lat' dir='ltr'>fortunam,</span> <span class='ocrx_word' id='word_1_42' title='bbox 734 1061 923 1160; x_wconf 74' lang='lat' dir='ltr'>ingenium</span> <span class='ocrx_word' id='word_1_43' title='bbox 963 1066 1034 1139; x_wconf 90' lang='lat' dir='ltr'>vile</span> <span class='ocrx_word' id='word_1_44' title='bbox 1075 1067 1220 1160; x_wconf 88' lang='lat' dir='ltr'>magnis</span> <span class='ocrx_word' id='word_1_45' title='bbox 1256 1092 1300 1139; x_wconf 93' lang='lat' dir='ltr'>ac</span> 
     </span>
     <span class='ocr_line' id='line_1_8' title="bbox 107 1197 1300 1294; baseline -0.003 -22"><span class='ocrx_word' id='word_1_46' title='bbox 107 1199 308 1294; x_wconf 83' lang='lat' dir='ltr'>splendidis</span> <span class='ocrx_word' id='word_1_47' title='bbox 335 1199 446 1271; x_wconf 91' lang='lat' dir='ltr'>rebus</span> <span class='ocrx_word' id='word_1_48' title='bbox 473 1197 727 1278; x_wconf 84' lang='lat' dir='ltr'>extollentem,</span> <span class='ocrx_word' id='word_1_49' title='bbox 757 1222 840 1269; x_wconf 92' lang='lat' dir='ltr'>cum</span> <span class='ocrx_word' id='word_1_50' title='bbox 867 1197 973 1268; x_wconf 87' lang='lat' dir='ltr'>fabro</span> <span class='ocrx_word' id='word_1_51' title='bbox 1001 1197 1126 1292; x_wconf 94' lang='lat' dir='ltr'>inepto</span> <span class='ocrx_word' id='word_1_52' title='bbox 1145 1198 1300 1284; x_wconf 85' lang='lat' dir='ltr'>confert,</span> 
     </span>
     <span class='ocr_line' id='line_1_9' title="bbox 107 1327 1302 1426; baseline -0.002 -25"><span class='ocrx_word' id='word_1_53' title='bbox 107 1353 225 1424; x_wconf 89' lang='lat' dir='ltr'>parvo</span> <span class='ocrx_word' id='word_1_54' title='bbox 253 1328 407 1400; x_wconf 91' lang='lat' dir='ltr'>donario</span> <span class='ocrx_word' id='word_1_55' title='bbox 435 1351 609 1421; x_wconf 86' lang='lat' dir='ltr'>magnam</span> <span class='ocrx_word' id='word_1_56' title='bbox 637 1327 753 1400; x_wconf 90' lang='lat' dir='ltr'>basim</span> <span class='ocrx_word' id='word_1_57' title='bbox 782 1327 1022 1422; x_wconf 87' lang='lat' dir='ltr'>supponenti:</span> <span class='ocrx_word' id='word_1_58' title='bbox 1051 1329 1164 1426; x_wconf 84' lang='grc' dir='ltr'>ὥσπερ</span> <span class='ocrx_word' id='word_1_59' title='bbox 1191 1329 1252 1426; x_wconf 85' lang='grc' dir='ltr'>γὰρ</span> <span class='ocrx_word' id='word_1_60' title='bbox 1272 1333 1302 1399; x_wconf 86' lang='grc' dir='ltr'>οἱ</span> 
     </span>
     <span class='ocr_line' id='line_1_10' title="bbox 108 1455 1301 1558; baseline -0.002 -28"><span class='ocrx_word' id='word_1_61' title='bbox 108 1461 230 1555; x_wconf 81' lang='grc' dir='ltr'>φαῦλοι</span> <span class='ocrx_word' id='word_1_62' title='bbox 256 1465 405 1554; x_wconf 87' lang='grc' dir='ltr'>τεχνῖται</span> <span class='ocrx_word' id='word_1_63' title='bbox 432 1457 487 1528; x_wconf 78' lang='grc' dir='ltr'>καί</span> <span class='ocrx_word' id='word_1_64' title='bbox 515 1457 628 1558; x_wconf 78' lang='grc' dir='ltr'>βάσεις</span> <span class='ocrx_word' id='word_1_65' title='bbox 651 1458 798 1552; x_wconf 76' lang='grc' dir='ltr'>μεγάλας</span> <span class='ocrx_word' id='word_1_66' title='bbox 816 1465 941 1555; x_wconf 85' lang='grc' dir='ltr'>μικροῖς</span> <span class='ocrx_word' id='word_1_67' title='bbox 959 1455 1156 1553; x_wconf 81' lang='grc' dir='ltr'>ὑφιστάντες</span> <span class='ocrx_word' id='word_1_68' title='bbox 1175 1456 1301 1552; x_wconf 76' lang='grc' dir='ltr'>ἀναθη-</span> 
     </span>
     <span class='ocr_line' id='line_1_11' title="bbox 108 1583 1300 1684; baseline -0.003 -25"><span class='ocrx_word' id='word_1_69' title='bbox 108 1615 209 1684; x_wconf 90' lang='grc' dir='ltr'>μασιν</span> <span class='ocrx_word' id='word_1_70' title='bbox 237 1587 429 1683; x_wconf 76' lang='grc' dir='ltr'>ἐλέγχουσιν</span> <span class='ocrx_word' id='word_1_71' title='bbox 458 1587 568 1656; x_wconf 76' lang='grc' dir='ltr'>αὐτῶν</span> <span class='ocrx_word' id='word_1_72' title='bbox 595 1587 650 1656; x_wconf 82' lang='grc' dir='ltr'>καί</span> <span class='ocrx_word' id='word_1_73' title='bbox 677 1585 736 1665; x_wconf 88' lang='grc' dir='ltr'>τάς</span> <span class='ocrx_word' id='word_1_74' title='bbox 763 1587 983 1684; x_wconf 86' lang='grc' dir='ltr'>μικρότητας,</span> <span class='ocrx_word' id='word_1_75' title='bbox 1012 1583 1115 1664; x_wconf 77' lang='grc' dir='ltr'>οὕτως</span> <span class='ocrx_word' id='word_1_76' title='bbox 1141 1589 1163 1682; x_wconf 83' lang='grc' dir='ltr'>ἡ</span> <span class='ocrx_word' id='word_1_77' title='bbox 1192 1585 1300 1681; x_wconf 89' lang='grc' dir='ltr'>τόχη,</span> 
     </span>
     <span class='ocr_line' id='line_1_12' title="bbox 108 1713 1302 1813; baseline -0.004 -26"><span class='ocrx_word' id='word_1_78' title='bbox 108 1716 188 1787; x_wconf 85' lang='grc' dir='ltr'>όταν</span> <span class='ocrx_word' id='word_1_79' title='bbox 225 1718 338 1813; x_wconf 77' lang='grc' dir='ltr'>μικρόν</span> <span class='ocrx_word' id='word_1_80' title='bbox 374 1715 459 1811; x_wconf 78' lang='grc' dir='ltr'>ἦθος</span> <span class='ocrx_word' id='word_1_81' title='bbox 494 1714 596 1812; x_wconf 72' lang='grc' dir='ltr'>ἐξάρῃ</span> <span class='ocrx_word' id='word_1_82' title='bbox 631 1715 819 1812; x_wconf 77' lang='grc' dir='ltr'>πράγμασιν</span> <span class='ocrx_word' id='word_1_83' title='bbox 856 1716 988 1811; x_wconf 78' lang='grc' dir='ltr'>ἔχουσιν</span> <span class='ocrx_word' id='word_1_84' title='bbox 1024 1716 1119 1812; x_wconf 85' lang='grc' dir='ltr'>όγκυν</span> <span class='ocrx_word' id='word_1_85' title='bbox 1147 1714 1220 1786; x_wconf 88' lang='grc' dir='ltr'>τινόι</span> <span class='ocrx_word' id='word_1_86' title='bbox 1247 1713 1302 1784; x_wconf 78' lang='grc' dir='ltr'>καί</span> 
     </span>
     <span class='ocr_line' id='line_1_13' title="bbox 107 1843 1300 1941; baseline -0.002 -27"><span class='ocrx_word' id='word_1_87' title='bbox 107 1843 349 1941; x_wconf 70' lang='grc' dir='ltr'>περιφάνειαν,</span> <span class='ocrx_word' id='word_1_88' title='bbox 377 1843 578 1913; x_wconf 77' lang='grc' dir='ltr'>ἐπιδείκνυσι</span> <span class='ocrx_word' id='word_1_89' title='bbox 606 1844 731 1937; x_wconf 86' lang='grc' dir='ltr'>μᾶλλον</span> <span class='ocrx_word' id='word_1_90' title='bbox 759 1844 814 1914; x_wconf 80' lang='grc' dir='ltr'>κοιλ</span> <span class='ocrx_word' id='word_1_91' title='bbox 837 1843 1051 1939; x_wconf 81' lang='grc' dir='ltr'>καταισχύνει</span> <span class='ocrx_word' id='word_1_92' title='bbox 1070 1843 1300 1939; x_wconf 82' lang='grc' dir='ltr'>σφαλλόμενον</span> 
     </span>
     <span class='ocr_line' id='line_1_14' title="bbox 108 1972 745 2067; baseline 0 -25"><span class='ocrx_word' id='word_1_93' title='bbox 108 1972 166 2042; x_wconf 82' lang='grc' dir='ltr'>καί</span> <span class='ocrx_word' id='word_1_94' title='bbox 193 1973 413 2067; x_wconf 89' lang='grc' dir='ltr'>σαλευόμενον</span> <span class='ocrx_word' id='word_1_95' title='bbox 442 1974 504 2042; x_wconf 77' lang='grc' dir='ltr'>ὑπό</span> <span class='ocrx_word' id='word_1_96' title='bbox 531 1972 745 2066; x_wconf 79' lang='grc' dir='ltr'>κουφότητος.</span> 
     </span>
    </p>
   </div>
   <div class='ocr_carea' id='block_1_3' title="bbox 108 2107 1303 2594">
    <p class='ocr_par' dir='ltr' id='par_1_4' title="bbox 108 2107 1303 2594">
     <span class='ocr_line' id='line_1_15' title="bbox 164 2107 1301 2209; baseline -0.004 -28"><span class='ocrx_word' id='word_1_97' title='bbox 164 2107 232 2181; x_wconf 86' lang='lat' dir='ltr'>Kul</span> <span class='ocrx_word' id='word_1_98' title='bbox 259 2121 344 2179; x_wconf 89' lang='lat' dir='ltr'>ante</span> <span class='ocrx_word' id='word_1_99' title='bbox 374 2109 505 2209; x_wconf 89' lang='grc' dir='ltr'>βάσεις,</span> <span class='ocrx_word' id='word_1_100' title='bbox 533 2121 573 2179; x_wconf 93' lang='lat' dir='ltr'>ut</span> <span class='ocrx_word' id='word_1_101' title='bbox 599 2122 724 2180; x_wconf 89' lang='lat' dir='ltr'>natum</span> <span class='ocrx_word' id='word_1_102' title='bbox 752 2134 773 2180; x_wconf 91' lang='lat' dir='ltr'>e</span> <span class='ocrx_word' id='word_1_103' title='bbox 801 2109 966 2203; x_wconf 87' lang='lat' dir='ltr'>proxime</span> <span class='ocrx_word' id='word_1_104' title='bbox 993 2107 1301 2182; x_wconf 73' lang='lat' dir='ltr'>antecedentiam</span> 
     </span>
     <span class='ocr_line' id='line_1_16' title="bbox 108 2237 1301 2336; baseline -0.001 -26"><span class='ocrx_word' id='word_1_105' title='bbox 108 2262 194 2310; x_wconf 92' lang='lat' dir='ltr'>cum</span> <span class='ocrx_word' id='word_1_106' title='bbox 222 2237 510 2334; x_wconf 89' lang='lat' dir='ltr'>Wyttenbachio</span> <span class='ocrx_word' id='word_1_107' title='bbox 538 2237 735 2309; x_wconf 88' lang='lat' dir='ltr'>delendum</span> <span class='ocrx_word' id='word_1_108' title='bbox 763 2253 827 2311; x_wconf 91' lang='lat' dir='ltr'>est.</span> <span class='ocrx_word' id='word_1_109' title='bbox 882 2239 981 2310; x_wconf 86' lang='lat' dir='ltr'>Ante</span> <span class='ocrx_word' id='word_1_110' title='bbox 1009 2239 1068 2318; x_wconf 85' lang='grc' dir='ltr'>τὰς</span> <span class='ocrx_word' id='word_1_111' title='bbox 1086 2240 1301 2336; x_wconf 75' lang='grc' dir='ltr'>μικρότητας,</span> 
     </span>
     <span class='ocr_line' id='line_1_17' title="bbox 109 2364 1302 2463; baseline 0 -24"><span class='ocrx_word' id='word_1_112' title='bbox 109 2381 153 2439; x_wconf 93' lang='lat' dir='ltr'>ut</span> <span class='ocrx_word' id='word_1_113' title='bbox 193 2366 276 2438; x_wconf 89' lang='lat' dir='ltr'>mihi</span> <span class='ocrx_word' id='word_1_114' title='bbox 317 2367 465 2462; x_wconf 89' lang='lat' dir='ltr'>quidem</span> <span class='ocrx_word' id='word_1_115' title='bbox 506 2367 651 2439; x_wconf 92' lang='lat' dir='ltr'>videtur</span> <span class='ocrx_word' id='word_1_116' title='bbox 691 2381 808 2456; x_wconf 84' lang='lat' dir='ltr'>recte,</span> <span class='ocrx_word' id='word_1_117' title='bbox 852 2367 1101 2462; x_wconf 85' lang='lat' dir='ltr'>Stegmannus</span> <span class='ocrx_word' id='word_1_118' title='bbox 1129 2364 1176 2463; x_wconf 89' lang='lat' dir='ltr'>(in</span> <span class='ocrx_word' id='word_1_119' title='bbox 1205 2366 1242 2436; x_wconf 93' lang='grc' dir='ltr'>Ν</span> <span class='ocrx_word' id='word_1_120' title='bbox 1246 2391 1302 2439; x_wconf 92' lang='lat' dir='ltr'>ov.</span> 
     </span>
     <span class='ocr_line' id='line_1_18' title="bbox 108 2495 1303 2594; baseline -0.001 -27"><span class='ocrx_word' id='word_1_121' title='bbox 108 2496 245 2568; x_wconf 84' lang='lat' dir='ltr'>Annal.</span> <span class='ocrx_word' id='word_1_122' title='bbox 289 2496 411 2590; x_wconf 80' lang='lat'>1890,</span> <span class='ocrx_word' id='word_1_123' title='bbox 440 2496 520 2567; x_wconf 93' lang='lat' dir='ltr'>Vol.</span> <span class='ocrx_word' id='word_1_124' title='bbox 566 2495 648 2594; x_wconf 87' lang='lat'>14¹)</span> <span class='ocrx_word' id='word_1_125' title='bbox 686 2495 808 2569; x_wconf 90' lang='lat' dir='ltr'>inserit</span> <span class='ocrx_word' id='word_1_126' title='bbox 844 2500 990 2591; x_wconf 82' lang='grc' dir='ltr'>μᾶλλον,</span> <span class='ocrx_word' id='word_1_127' title='bbox 1018 2495 1190 2590; x_wconf 91' lang='lat' dir='ltr'>primum,</span> <span class='ocrx_word' id='word_1_128' title='bbox 1217 2495 1303 2590; x_wconf 91' lang='lat' dir='ltr'>quia</span> 
     </span>
    </p>
   </div>
   <div class='ocr_carea' id='block_1_4' title="bbox 107 2617 1404 2722">
    <p class='ocr_par' dir='ltr' id='par_1_5' title="bbox 107 2617 1404 2722">
     <span class='ocr_line' id='line_1_19' title="bbox 107 2617 1404 2722; baseline -0.002 -24"><span class='ocrx_word' id='word_1_129' title='bbox 107 2625 245 2721; x_wconf 82' lang='lat' dir='ltr'>alioqui</span> <span class='ocrx_word' id='word_1_130' title='bbox 279 2627 501 2698; x_wconf 91' lang='lat' dir='ltr'>vocabulum</span> <span class='ocrx_word' id='word_1_131' title='bbox 528 2627 583 2699; x_wconf 80' lang='grc' dir='ltr'>καί</span> <span class='ocrx_word' id='word_1_132' title='bbox 610 2628 718 2721; x_wconf 93' lang='lat' dir='ltr'>plane</span> <span class='ocrx_word' id='word_1_133' title='bbox 747 2617 934 2713; x_wconf 79' lang='lat' dir='ltr'>abundat,</span> <span class='ocrx_word' id='word_1_134' title='bbox 960 2628 1124 2699; x_wconf 87' lang='lat' dir='ltr'>secundo</span> <span class='ocrx_word' id='word_1_135' title='bbox 1152 2637 1303 2721; x_wconf 90' lang='lat' dir='ltr'>propter</span> <span class='ocrx_word' id='word_1_136' title='bbox 1398 2708 1404 2722; x_wconf 63' lang='lat'>,</span> 
     </span>
    </p>
   </div>
   <div class='ocr_carea' id='block_1_5' title="bbox 105 2757 1306 4410">
    <p class='ocr_par' dir='ltr' id='par_1_6' title="bbox 107 2757 957 2852">
     <span class='ocr_line' id='line_1_20' title="bbox 107 2757 957 2852; baseline 0 -24"><span class='ocrx_word' id='word_1_137' title='bbox 107 2758 311 2829; x_wconf 80' lang='grc' dir='ltr'>ἐπιδείκνυσι</span> <span class='ocrx_word' id='word_1_138' title='bbox 338 2758 487 2852; x_wconf 81' lang='grc' dir='ltr'>μᾶλλον,</span> <span class='ocrx_word' id='word_1_139' title='bbox 515 2757 616 2851; x_wconf 91' lang='lat' dir='ltr'>quod</span> <span class='ocrx_word' id='word_1_140' title='bbox 644 2771 700 2830; x_wconf 85' lang='lat' dir='ltr'>est</span> <span class='ocrx_word' id='word_1_141' title='bbox 727 2758 762 2829; x_wconf 89' lang='lat' dir='ltr'>in</span> <span class='ocrx_word' id='word_1_142' title='bbox 790 2757 957 2852; x_wconf 87' lang='lat' dir='ltr'>apodosi.</span> 
     </span>
    </p>

    <p class='ocr_par' dir='ltr' id='par_1_7' title="bbox 105 2883 1304 3629">
     <span class='ocr_line' id='line_1_21' title="bbox 162 2883 1303 2981; baseline 0.001 -25"><span class='ocrx_word' id='word_1_143' title='bbox 162 2885 255 2978; x_wconf 84' lang='lat' dir='ltr'>Pag.</span> <span class='ocrx_word' id='word_1_144' title='bbox 277 2889 351 2974; x_wconf 83' lang='lat'>426</span> <span class='ocrx_word' id='word_1_145' title='bbox 373 2884 411 2955; x_wconf 87' lang='lat' dir='ltr'>B.</span> <span class='ocrx_word' id='word_1_146' title='bbox 432 2883 518 2957; x_wconf 92' lang='lat' dir='ltr'>dicit</span> <span class='ocrx_word' id='word_1_147' title='bbox 536 2886 628 2959; x_wconf 89' lang='lat' dir='ltr'>deos</span> <span class='ocrx_word' id='word_1_148' title='bbox 647 2888 848 2959; x_wconf 89' lang='lat' dir='ltr'>secundum</span> <span class='ocrx_word' id='word_1_149' title='bbox 869 2886 1075 2960; x_wconf 88' lang='lat' dir='ltr'>Stoicorum</span> <span class='ocrx_word' id='word_1_150' title='bbox 1095 2885 1303 2981; x_wconf 90' lang='lat' dir='ltr'>opinionem</span> 
     </span>
     <span class='ocr_line' id='line_1_22' title="bbox 107 3015 1303 3111; baseline 0 -23"><span class='ocrx_word' id='word_1_151' title='bbox 107 3017 160 3088; x_wconf 92' lang='lat' dir='ltr'>ita</span> <span class='ocrx_word' id='word_1_152' title='bbox 197 3039 401 3109; x_wconf 87' lang='lat' dir='ltr'>corporeae</span> <span class='ocrx_word' id='word_1_153' title='bbox 429 3017 583 3087; x_wconf 88' lang='lat' dir='ltr'>naturae</span> <span class='ocrx_word' id='word_1_154' title='bbox 610 3015 768 3089; x_wconf 88' lang='lat' dir='ltr'>inclusos</span> <span class='ocrx_word' id='word_1_155' title='bbox 796 3042 877 3090; x_wconf 92' lang='lat' dir='ltr'>esse</span> <span class='ocrx_word' id='word_1_156' title='bbox 905 3042 949 3088; x_wconf 93' lang='lat' dir='ltr'>ac</span> <span class='ocrx_word' id='word_1_157' title='bbox 977 3030 1164 3111; x_wconf 88' lang='lat' dir='ltr'>tamquam</span> <span class='ocrx_word' id='word_1_158' title='bbox 1192 3015 1303 3088; x_wconf 89' lang='lat' dir='ltr'>clavis</span> 
     </span>
     <span class='ocr_line' id='line_1_23' title="bbox 105 3144 1304 3240; baseline 0.001 -24"><span class='ocrx_word' id='word_1_159' title='bbox 105 3144 275 3217; x_wconf 91' lang='lat' dir='ltr'>immissis</span> <span class='ocrx_word' id='word_1_160' title='bbox 302 3144 514 3231; x_wconf 91' lang='lat' dir='ltr'>adstrictos,</span> <span class='ocrx_word' id='word_1_161' title='bbox 548 3148 859 3240; x_wconf 89' lang='lat' dir='ltr'>quemadmodum</span> <span class='ocrx_word' id='word_1_162' title='bbox 887 3147 1082 3220; x_wconf 89' lang='lat' dir='ltr'>simulacra</span> <span class='ocrx_word' id='word_1_163' title='bbox 1108 3147 1183 3220; x_wconf 91' lang='lat' dir='ltr'>suis</span> <span class='ocrx_word' id='word_1_164' title='bbox 1210 3145 1304 3218; x_wconf 91' lang='lat' dir='ltr'>basi-</span> 
     </span>
     <span class='ocr_line' id='line_1_24' title="bbox 108 3250 1303 3376; baseline -0.003 -28"><span class='ocrx_word' id='word_1_165' title='bbox 108 3277 182 3348; x_wconf 87' lang='lat' dir='ltr'>bus</span> <span class='ocrx_word' id='word_1_166' title='bbox 218 3250 346 3346; x_wconf 32' lang='lat' dir='ltr'>affixa&#39;</span> <span class='ocrx_word' id='word_1_167' title='bbox 367 3288 469 3347; x_wconf 87' lang='lat' dir='ltr'>sunt:</span> <span class='ocrx_word' id='word_1_168' title='bbox 511 3277 627 3371; x_wconf 74' lang='grc' dir='ltr'>θεοὺς,</span> <span class='ocrx_word' id='word_1_169' title='bbox 656 3277 769 3376; x_wconf 81' lang='grc' dir='ltr'>ὥσπερ</span> <span class='ocrx_word' id='word_1_170' title='bbox 797 3278 975 3374; x_wconf 88' lang='grc' dir='ltr'>ἀγάλματα</span> <span class='ocrx_word' id='word_1_171' title='bbox 1002 3280 1222 3376; x_wconf 84' lang='grc' dir='ltr'>προςηλοῦται</span> <span class='ocrx_word' id='word_1_172' title='bbox 1249 3276 1303 3346; x_wconf 85' lang='grc' dir='ltr'>καί</span> 
     </span>
     <span class='ocr_line' id='line_1_25' title="bbox 108 3403 1302 3505; baseline -0.003 -29"><span class='ocrx_word' id='word_1_173' title='bbox 108 3405 307 3501; x_wconf 77' lang='grc' dir='ltr'>συντήκεται</span> <span class='ocrx_word' id='word_1_174' title='bbox 344 3405 500 3505; x_wconf 85' lang='grc' dir='ltr'>βάσεσιν,</span> <span class='ocrx_word' id='word_1_175' title='bbox 538 3403 640 3484; x_wconf 82' lang='grc' dir='ltr'>οὕτως</span> <span class='ocrx_word' id='word_1_176' title='bbox 676 3407 945 3502; x_wconf 82' lang='grc' dir='ltr'>ἐγκεκλειμένους</span> <span class='ocrx_word' id='word_1_177' title='bbox 977 3409 1023 3486; x_wconf 79' lang='grc' dir='ltr'>εἰς</span> <span class='ocrx_word' id='word_1_178' title='bbox 1050 3408 1087 3476; x_wconf 77' lang='grc' dir='ltr'>τό</span> <span class='ocrx_word' id='word_1_179' title='bbox 1115 3407 1302 3499; x_wconf 78' lang='grc' dir='ltr'>σωματικόν</span> 
     </span>
     <span class='ocr_line' id='line_1_26' title="bbox 108 3533 632 3629; baseline -0.002 -25"><span class='ocrx_word' id='word_1_180' title='bbox 108 3533 167 3604; x_wconf 83' lang='grc' dir='ltr'>καί</span> <span class='ocrx_word' id='word_1_181' title='bbox 195 3536 632 3629; x_wconf 89' lang='grc' dir='ltr'>συγκαταγεγομφωμένους.</span> 
     </span>
    </p>

    <p class='ocr_par' dir='ltr' id='par_1_8' title="bbox 107 3667 1306 4287">
     <span class='ocr_line' id='line_1_27' title="bbox 163 3667 1306 3764; baseline -0.001 -24"><span class='ocrx_word' id='word_1_182' title='bbox 163 3671 256 3764; x_wconf 82' lang='lat' dir='ltr'>Pag.</span> <span class='ocrx_word' id='word_1_183' title='bbox 285 3675 357 3743; x_wconf 88' lang='lat'>622</span> <span class='ocrx_word' id='word_1_184' title='bbox 389 3671 427 3742; x_wconf 90' lang='lat' dir='ltr'>F.</span> <span class='ocrx_word' id='word_1_185' title='bbox 455 3685 657 3752; x_wconf 90' lang='lat' dir='ltr'>amatores,</span> <span class='ocrx_word' id='word_1_186' title='bbox 688 3671 908 3743; x_wconf 88' lang='lat' dir='ltr'>amasiorum</span> <span class='ocrx_word' id='word_1_187' title='bbox 935 3670 1168 3742; x_wconf 91' lang='lat' dir='ltr'>laudationes</span> <span class='ocrx_word' id='word_1_188' title='bbox 1196 3667 1306 3740; x_wconf 91' lang='lat' dir='ltr'>canti·</span> 
     </span>
     <span class='ocr_line' id='line_1_28' title="bbox 107 3799 1305 3894; baseline -0.003 -20"><span class='ocrx_word' id='word_1_189' title='bbox 107 3801 204 3874; x_wconf 91' lang='lat' dir='ltr'>lenis</span> <span class='ocrx_word' id='word_1_190' title='bbox 240 3813 276 3872; x_wconf 89' lang='lat' dir='ltr'>et</span> <span class='ocrx_word' id='word_1_191' title='bbox 310 3799 477 3888; x_wconf 89' lang='lat' dir='ltr'>versibus</span> <span class='ocrx_word' id='word_1_192' title='bbox 513 3815 752 3886; x_wconf 87' lang='lat' dir='ltr'>exornantes,</span> <span class='ocrx_word' id='word_1_193' title='bbox 785 3801 925 3873; x_wconf 87' lang='lat' dir='ltr'>confert</span> <span class='ocrx_word' id='word_1_194' title='bbox 951 3827 1034 3874; x_wconf 93' lang='lat' dir='ltr'>cum</span> <span class='ocrx_word' id='word_1_195' title='bbox 1061 3799 1305 3894; x_wconf 91' lang='lat' dir='ltr'>sculptoribus</span> 
     </span>
     <span class='ocr_line' id='line_1_29' title="bbox 108 3929 1304 4029; baseline -0.003 -26"><span class='ocrx_word' id='word_1_196' title='bbox 108 3943 252 4003; x_wconf 87' lang='lat' dir='ltr'>statuas</span> <span class='ocrx_word' id='word_1_197' title='bbox 288 3955 378 4006; x_wconf 91' lang='lat' dir='ltr'>auro</span> <span class='ocrx_word' id='word_1_198' title='bbox 414 3929 741 4024; x_wconf 84' lang='lat' dir='ltr'>distinguentibus:</span> <span class='ocrx_word' id='word_1_199' title='bbox 780 3933 828 4002; x_wconf 70' lang='grc' dir='ltr'>δίο</span> <span class='ocrx_word' id='word_1_200' title='bbox 865 3932 920 4002; x_wconf 81' lang='grc' dir='ltr'>καί</span> <span class='ocrx_word' id='word_1_201' title='bbox 947 3931 1128 4029; x_wconf 85' lang='grc' dir='ltr'>γράφοντες</span> <span class='ocrx_word' id='word_1_202' title='bbox 1155 3930 1304 4026; x_wconf 79' lang='grc' dir='ltr'>ἐγκώμια</span> 
     </span>
     <span class='ocr_line' id='line_1_30' title="bbox 107 4053 1304 4157; baseline -0.005 -25"><span class='ocrx_word' id='word_1_203' title='bbox 107 4067 180 4132; x_wconf 86' lang='grc' dir='ltr'>τῶν</span> <span class='ocrx_word' id='word_1_204' title='bbox 208 4062 319 4132; x_wconf 86' lang='grc' dir='ltr'>καλῶν</span> <span class='ocrx_word' id='word_1_205' title='bbox 348 4063 580 4155; x_wconf 81' lang='grc' dir='ltr'>ἐπικοσμοῦσιν</span> <span class='ocrx_word' id='word_1_206' title='bbox 609 4061 693 4131; x_wconf 78' lang='grc' dir='ltr'>αὐτὰ</span> <span class='ocrx_word' id='word_1_207' title='bbox 721 4061 836 4155; x_wconf 83' lang='grc' dir='ltr'>μέλεσι</span> <span class='ocrx_word' id='word_1_208' title='bbox 864 4059 919 4130; x_wconf 78' lang='grc' dir='ltr'>καί</span> <span class='ocrx_word' id='word_1_209' title='bbox 946 4062 1076 4157; x_wconf 89' lang='grc' dir='ltr'>με’τροις</span> <span class='ocrx_word' id='word_1_210' title='bbox 1102 4059 1157 4129; x_wconf 83' lang='grc' dir='ltr'>καί</span> <span class='ocrx_word' id='word_1_211' title='bbox 1184 4053 1304 4154; x_wconf 71' lang='grc' dir='ltr'>ᾠδαῖς,</span> 
     </span>
     <span class='ocr_line' id='line_1_31' title="bbox 110 4187 1012 4287; baseline -0.002 -28"><span class='ocrx_word' id='word_1_212' title='bbox 110 4187 229 4287; x_wconf 82' lang='grc' dir='ltr'>ὥσπερ</span> <span class='ocrx_word' id='word_1_213' title='bbox 257 4189 384 4267; x_wconf 85' lang='grc' dir='ltr'>εἰκόνος</span> <span class='ocrx_word' id='word_1_214' title='bbox 410 4197 526 4286; x_wconf 74' lang='grc' dir='ltr'>χρυσῷ</span> <span class='ocrx_word' id='word_1_215' title='bbox 552 4189 837 4280; x_wconf 72' lang='grc' dir='ltr'>καλλωπίζοντες,</span> <span class='ocrx_word' id='word_1_216' title='bbox 865 4216 895 4258; x_wconf 93' lang='grc' dir='ltr'>κ.</span> <span class='ocrx_word' id='word_1_217' title='bbox 923 4215 953 4258; x_wconf 91' lang='grc' dir='ltr'>τ.</span> <span class='ocrx_word' id='word_1_218' title='bbox 981 4189 1012 4258; x_wconf 90' lang='grc' dir='ltr'>λ.</span> 
     </span>
    </p>

    <p class='ocr_par' dir='ltr' id='par_1_9' title="bbox 166 4314 1306 4410">
     <span class='ocr_line' id='line_1_32' title="bbox 166 4314 1306 4410; baseline -0.001 -24"><span class='ocrx_word' id='word_1_219' title='bbox 166 4315 204 4386; x_wconf 91' lang='grc' dir='ltr'>Α</span> <span class='ocrx_word' id='word_1_220' title='bbox 231 4331 432 4389; x_wconf 89' lang='lat' dir='ltr'>statuarum</span> <span class='ocrx_word' id='word_1_221' title='bbox 460 4331 497 4389; x_wconf 91' lang='lat' dir='ltr'>et</span> <span class='ocrx_word' id='word_1_222' title='bbox 523 4316 760 4389; x_wconf 89' lang='lat' dir='ltr'>donariorum</span> <span class='ocrx_word' id='word_1_223' title='bbox 794 4314 1087 4410; x_wconf 89' lang='lat' dir='ltr'>inscriptionibus</span> <span class='ocrx_word' id='word_1_224' title='bbox 1119 4314 1306 4409; x_wconf 91' lang='lat' dir='ltr'>metapho-</span> 
     </span>
    </p>
   </div>
   <div class='ocr_carea' id='block_1_6' title="bbox 0 0 1425 4964">
    <p class='ocr_par' dir='ltr' id='par_1_10' title="bbox 0 0 1425 4964">
     <span class='ocr_line' id='line_1_33' title="bbox 0 0 1425 4964; baseline 0 0"><span class='ocrx_word' id='word_1_225' title='bbox 0 0 1425 4964; x_wconf 95' lang='lat' dir='ltr'> </span> 
     </span>
    </p>
   </div>
  </div>
 </body>
</html>
