2866 5040
697 259 765 329 127

127 448 313 544 ἁδροτέρων
341 448 395 519 καί
423 447 669 543 συνεστηκότων
688 448 756 544 ἡδη
790 447 912 525 δεινούς
931 447 1062 541 ἀγῶνας
1092 450 1172 546 πρδς
1191 448 1324 544 ἄλληλα

128 577 184 647 καὶ
219 575 703 675 διαταραχὰςλαμβανύντων,
731 574 881 646 κλύδωνα
907 576 960 646 καὶ
988 575 1133 675 βρασμδν
1161 577 1244 647 εῖναι
1271 577 1325 646 καὶ

128 705 256 803 φδύρου
293 706 346 776 καί
382 704 511 800 πλάνης
544 705 598 775 καὶ
625 706 788 799 ναυαγίων
817 704 922 798 μεστὰ
948 704 1067 797 πάντα,
1095 706 1169 802 πρίν
1197 730 1234 798 γε
1261 705 1323 798 τὴν

129 840 192 928 γῆν
234 833 375 928 μέγεθος
414 832 581 931 λαβοῦσαν
622 834 659 902 ἐκ
694 840 759 902 τῶν
786 834 1027 926 συνισταμένων
1055 833 1108 903 καί
1136 833 1325 930 φερομένων

133 961 306 1057 ῖδρυδὴναί
331 988 401 1041 πως
429 962 533 1056 αὐτὴν
560 961 614 1031 καὶ
641 967 707 1039 τοῖς
735 960 845 1039 ’ἄλλοις
873 961 997 1058 ίδρυσιν
1021 963 1055 1030 ἐν
1076 962 1162 1056 αύτὴ
1180 961 1232 1031 καὶ
1250 959 1326 1058 περί

131 1090 232 1184 αύτὴν
260 1096 458 1185 παρασχεῖν·
487 1087 572 1160 ούτω
599 1097 665 1159 τῶν
693 1091 854 1183 μεγίστων
884 1091 927 1158 έν
946 1087 1133 1186 ἀνθρώποις
1153 1088 1324 1182 δυνάμεων
1396 1170 1401 1180 ⁰

131 1217 185 1287 καί
223 1222 411 1314 ἡγεμονιῶν
451 1217 535 1288 κατὰ
574 1216 676 1313 τύχας
717 1218 946 1312 ἐλαυνομένων
984 1217 1037 1287 καί
1068 1218 1326 1311 συμφερομένων

132 1346 194 1416 ύπδ
221 1352 277 1415 τού
305 1347 434 1442 μηδένα
460 1353 610 1444 κρατεῖν,
640 1345 819 1446 βούλεσθαι
848 1346 884 1416 δὲ
910 1345 1055 1437 πάντας,
1084 1345 1255 1441 ἀμὴχανος
1281 1346 1323 1440 ἡν

131 1475 217 1570 φορὰ
245 1472 479 1571 (Legendum
517 1497 599 1545 esse
636 1472 801 1568 suspicor
837 1474 960 1572 φθορά,
989 1472 1032 1544 cf.
1060 1496 1172 1567 supra
1199 1473 1326 1572 φδύρου

131 1603 187 1675 καὶ
226 1604 356 1701 πλάνης
396 1601 477 1702 etc.)
517 1604 572 1676 καί
612 1604 724 1700 πλάνη
766 1604 820 1675 καί
857 1605 1026 1705 μεταβολὴ
1054 1610 1147 1675 ποῖσα
1172 1602 1327 1697 πάντων,

132 1735 231 1830 μέχρι
268 1733 325 1825 ού,
358 1740 417 1830 τὴς
444 1729 580 1830 Ῥώμης
608 1732 701 1829 ἰσχὺν
729 1733 783 1803 καί
810 1731 946 1829 αύξησιν
975 1733 1143 1832 λαβούσης
1169 1732 1223 1802 καί
1250 1732 1326 1801 ἀνα-

132 1861 324 1958 δησαμένης
350 1867 444 1932 τοῦτο
471 1862 547 1958 μὲν4
569 1861 651 1957 ἔθνη
679 1862 733 1932 καί
760 1862 886 1957 δὴμους
912 1863 946 1931 ἐν
975 1863 1063 1959 αύτὴ
1090 1859 1325 1954 (Legendum
1392 1859 1396 1866 ’

131 2013 214 2060 esse
254 2004 345 2083 puto
373 1991 407 2070 ἐξ
435 1992 548 2086 αὑτῆς.
603 1988 657 2061 cf.
681 2013 769 2083 pag.
796 2012 867 2078 322
907 1990 963 2059 E.:
991 1991 1136 2062 ἀνεδεῖτο
1163 1992 1224 2085 τήν
1252 1995 1328 2087 ἡγε-

131 2121 247 2214 μονίαν
276 2120 310 2199 ἐξ
338 2122 488 2215 ἐκείνης,
516 2143 603 2213 pag.
635 2142 705 2209 243
736 2119 800 2190 A.:
816 2123 853 2191 έκ
867 2126 923 2190 τοῦ
943 2119 1123 2215 φιλοκάλου
1137 2125 1197 2215 τῆς
1215 2120 1325 2215 ψυχῆς
1350 2205 1353 2211 ¹

131 2247 351 2343 ἀναδούμενος
376 2250 436 2344 τὴν
463 2250 590 2342 πίστιν,
617 2247 651 2318 in
681 2247 754 2320 vita
783 2246 912 2319 Dionis
939 2272 968 2319 c.
988 2252 1033 2319 26
1062 2269 1149 2341 pag.
1166 2266 1242 2336 970
1256 2245 1324 2343 Ε),

130 2383 223 2447 τούτο
252 2375 279 2446 δ’
293 2376 497 2471 ἀλλοφύλους
525 2379 578 2448 καί
597 2380 801 2459 διαποντίους
831 2379 994 2480 βασιλέων
1013 2379 1209 2475 ἡγεμονίας,
1230 2376 1326 2475 ἕδραν

130 2507 211 2602 ἔσχε
247 2505 288 2575 τὰ
323 2507 461 2601 μέγιστα
488 2507 542 2576 καί
570 2507 771 2602 ἀσφάλειαν,
800 2510 847 2586 εἰς
873 2508 995 2601 κύσμον
1024 2506 1160 2604 εἰρήνης
1187 2506 1240 2576 καί
1268 2504 1325 2576 ἕνα

130 2633 247 2704 κύκλον
276 2640 336 2729 τῆς
361 2637 540 2730 ἡγεμονίας
568 2635 748 2706 ἄπταιστον
776 2637 1052 2734 περιφερομένης.

183 2771 273 2842 Post
317 2771 492 2869 ἱδρυθῆναί
531 2800 602 2852 πως
640 2771 892 2867 Stegmannus
938 2772 1036 2843 Nov.
1082 2772 1178 2842 Ann.
1230 2776 1326 2861 1890

131 2899 213 2971 Vol.
248 2924 336 2990 ¹41›
366 2924 454 2995 pag.
489 2907 558 2991 198
586 2901 709 2974 inserit
735 2905 801 2977 καί.
830 2903 884 2973 Ita
899 2901 993 2973 enim
1009 2899 1191 2996 oppositio
1207 2899 1326 2995 magis

105 3017 253 3102 'elucet
293 3031 364 3102 καί
403 3032 507 3127 αὐτὴν
549 3033 621 3104 καὶ
660 3042 726 3113 τοῖς
766 3033 888 3112 ἄλλοις.
928 3030 1138 3125 Madvigius
1166 3030 1324 3102 Advers.

135 3158 250 3232 critic.
278 3183 365 3254 pag.
395 3164 468 3249 627
498 3163 673 3259 ἀμὴχανος
700 3165 742 3260 ἡν
771 3161 929 3233 correxit
956 3187 1024 3256 pro
1053 3162 1227 3259 ἀμὴχανος
1253 3165 1288 3257 ἡ.

186 3290 280 3383 Pag.
308 3294 383 3379 416
412 3290 452 3360 F.
480 3314 547 3362 eos
575 3290 636 3385 qui
649 3290 843 3385 geniorum
857 3305 1008 3386 gentem
1025 3316 1097 3363 non
1113 3290 1324 3375 admittant,

132 3420 269 3491 nullum
295 3418 389 3491 inter
415 3421 571 3491 deorum
594 3420 851 3517 hominumque
871 3447 931 3494 res
946 3421 1204 3494 commercium
1223 3420 1326 3493 relin-

129 3574 244 3646 quere
265 3562 390 3621 noster
403 3549 470 3635 ait,
500 3575 582 3622 cum
602 3550 673 3622 vim
692 3550 928 3647 interpretem
948 3567 1059 3647 atque
1079 3551 1322 3624 administram

127 3680 279 3763 tollant,
308 3694 577 3775 comparatque
604 3680 735 3775 genios
763 3706 847 3754 cum
874 3689 979 3769 aere,
1006 3682 1100 3755 inter
1124 3696 1258 3754 terram
1286 3694 1323 3752 et

122 3808 254 3881 lunam
280 3808 489 3901 interiect03
507 3836 615 3905 quem
630 3811 660 3883 si
675 3811 755 3906 quis
769 3815 1011 3898 subduceret,
1037 3812 1194 3884 universi
1210 3810 1339 3884 unita*

116 3951 203 4013 tem
233 3963 277 4011 ac
307 3939 578 4012 cohaerentiam
605 3942 777 4028 solveret,
796 3968 917 4016 vacuo
945 3943 1117 4015 intereas
1144 3955 1182 4013 et
1209 3965 1323 4013 nexus

118 4068 270 4143 carenti
296 4069 415 4164 spatio
443 4069 639 4143 existente:
668 4074 782 4172 ὥσπερ
809 4074 864 4145 οὖν
893 4077 922 4146 εἰ
949 4076 1003 4144 τδν
1028 4075 1111 4172 ἀέρα
1138 4101 1185 4153 τις
1213 4073 1323 4143 ἀνέλοι

116 4201 185 4271 καί
214 4200 416 4272 ὑποσπάσειε
443 4205 498 4273 τδν
527 4202 651 4298 μετάΕυ
679 4210 740 4299 γῆς
767 4203 821 4274 καί
849 4203 1013 4299 σελὴνης,
1042 4205 1076 4272 έν
1105 4204 1200 4299 μέσῳ
1223 4207 1322 4296 κενῆς

121 4330 188 4399 καί
223 4329 400 4400 ἀσυνδέτου
436 4331 552 4429 χώρας
587 4333 787 4427 γενομένης,
825 4332 886 4427 τὴν
923 4332 1063 4426 ένύτητα
1095 4331 1241 4402 διαλύσει
1268 4330 1323 4402 καί
