2834 4964
681 205 732 331 ,23

167 453 258 546 Pag.
291 456 360 540 782
391 450 431 521 F.
459 449 697 544 philosophus
724 446 792 520 ait:
820 447 984 520 homines
1007 447 1169 520 simulac
1185 461 1306 542 potes-

114 595 227 654 tatem
264 579 390 675 adepti
425 593 528 664 sunt,
560 578 759 651 ostendunt
786 592 907 649 utrum
934 577 1005 651 sint
1031 580 1232 673 prudentes
1259 604 1305 650 an

112 711 297 796 ineruditi,
325 709 419 783 sicut
440 732 531 781 vasa
555 706 700 801 integra
723 720 761 778 et
775 705 904 778 vitiosa
933 718 1009 778 tum
1037 710 1182 780 demum
1210 711 1305 781 bene

113 840 269 913 discerni
284 852 458 935 possunt,
474 863 557 910 cum
576 835 711 932 aliquid
724 836 880 909 infusum
895 850 969 908 est:
998 839 1111 936 ὥσπερ
1125 848 1190 909 τῶν
1205 849 1306 909 κενῶν
1323 814 1326 820 ¹

113 973 252 1067 ἀγγείων
281 972 336 1042 οὐκ
364 972 402 1040 ἂν
430 970 593 1065 διαγνοίης
620 969 656 1038 πθ
683 969 833 1065 ἀκέραιον
860 968 913 1038 καί
939 969 975 1037 το
1001 969 1207 1064 πεπονηκός,
1236 968 1306 1039 ἀλλ’

111 1100 188 1170 όταν
229 1101 349 1195 έγχέης
390 1100 539 1194 φαίνεται
574 1100 610 1167 το
647 1099 730 1194 ῥέον·
768 1095 871 1175 οίίτιος
907 1101 941 1167 αἱ
972 1095 1092 1193 σαθραὶ
1120 1097 1221 1193 ψυχαὶ
1248 1098 1305 1177 τὰς

113 1230 260 1308 ἐξουσίας
302 1229 349 1324 μη
391 1229 583 1321 στέγουσαι,
624 1227 750 1322 ῥέουσιν
791 1226 854 1304 ἔξω
890 1233 959 1304 ταῖς
996 1223 1203 1319 ἐπιθυμίαις,
1235 1234 1304 1305 ταῖς

112 1359 242 1454 ὀργαῖς,
270 1364 339 1434 ταῖς
367 1355 590 1448 ἀλαζονείαις,
617 1361 687 1432 ταῖς
715 1355 968 1451 ἀπειροκαλίαις.

165 1484 364 1580 Σπόγγος,
391 1485 549 1579 spongia.
607 1483 696 1554 lnde
721 1481 1034 1576 comparationem
1065 1481 1191 1576 petivit
1223 1482 1305 1552 Plu-

111 1613 262 1687 tarchus
288 1637 376 1707 pag.
408 1633 478 1703 792
506 1614 565 1698 Β.,
590 1611 653 1684 ubi
680 1612 891 1698 Lucullum,
910 1624 1107 1707 postquam
1134 1611 1167 1683 in
1192 1611 1304 1684 vitam

111 1743 267 1817 otiosam
303 1768 343 1815 se
380 1742 580 1828 demiserit,
618 1742 858 1838 spongiarum
886 1743 1016 1828 instar,
1044 1741 1303 1838 tranquillitate

110 1886 307 1947 enecatum
326 1898 408 1945 esse
423 1872 507 1946 dicit
534 1887 572 1946 et
600 1872 854 1946 contabuisse:
884 1875 956 1944 ἐπεί
970 1874 1006 1944 u
1026 1872 1171 1969 μεθῆκεν
1191 1875 1305 1945 ἑαυτὸν

111 2009 157 2084 εἷς
181 2005 254 2105 βίον·
273 2004 435 2102 ἄπρακτον
462 2006 515 2075 καί
542 2006 665 2076 δίαιταν
693 2006 835 2101 οἰκουρόν
862 2004 915 2074 καί
943 2003 1109 2100 ἄφροντιν,
1138 2004 1251 2098 ὥσπερ
1276 2005 1305 2072 οἱ

111 2135 267 2229 σπόγγοι,
294 2141 363 2212 ταῖς
391 2134 548 2230 γαλήναις
576 2132 786 2230 ἐννεκρωθεὶς
813 2133 866 2203 καί
892 2129 1154 2228 καταμαρανθείς
1182 2159 1210 2200 κ.
1225 2156 1253 2200 τ.
1273 2130 1302 2199 λ.

154 2409 172 2507 ξ
199 2432 232 2498 4.
289 2410 565 2481 METAPHORAE
587 2435 615 2479 A
636 2433 794 2480 FAMILIA
816 2433 864 2479 ET
888 2431 1077 2480 cosanus
1099 2430 1262 2477 PETITAE.

161 2650 320 2723 Primum
348 2652 394 2723 de
421 2650 744 2746 singulis’familiae
763 2650 950 2737 membris,
969 2675 1066 2745 quae
1086 2649 1303 2720 Plutarchus

107 2780 143 2852 in
173 2781 507 2877 comparationibus
535 2781 703 2869 adhibet,
730 2782 929 2855 videamus

162 2911 333 3012 Πατήρ,
354 2922 472 3007 pater.
527 2913 565 2984 ln
594 2913 669 2986 vita
695 2912 907 3007 Poplicolae
932 2937 962 2984 c.
990 2935 1034 2983 10
1052 2935 1146 3006 pag..
1165 2934 1232 2983 102
1255 2909 1301 2981 A.

108 3043 262 3114 Brutum
290 3056 433 3138 patrem
460 3043 636 3116 libertatis
664 3042 804 3116 censeri
831 3069 853 3115 a
880 3044 990 3138 plebe
1018 3041 1121 3113 dicit:
1141 3039 1302 3139 Βροῦτος,

108 3173 144 3243 ὃν
180 3176 307 3270 πατέρα
342 3182 402 3271 τῆς
439 3174 630 3273 ἐλευθερίας
667 3175 811 3269 ἐνόμιζεν
848 3178 864 3246 ό
897 3175 1012 3270 δῆμος.
1068 3171 1138 3245 Cfr.
1166 3171 1200 3243 in
1228 3171 1302 3244 vita

108 3301 216 3372 Arati
244 3327 273 3373 c.
301 3325 348 3392 42
379 3326 466 3397 pag.
503 3324 595 3394 1047
626 3303 691 3394 A,
720 3303 782 3375 ubi
808 3302 965 3398 legimus
996 3302 1107 3398 Aegii
1134 3303 1301 3375 mulieres

108 3444 147 3502 et
173 3457 309 3526 pueros
337 3432 499 3505 oravisse
525 3435 700 3520 Aratum,
728 3433 779 3506 uti
797 3448 975 3517 maneret,
997 3448 1185 3529 tamquam
1205 3459 1302 3506 com-

108 3587 255 3634 munem
281 3577 426 3657 patrem
455 3588 538 3635 eum
567 3565 851 3659 amplectentes:
880 3567 1057 3663 έξήρτηντο
1072 3565 1199 3636 ὃάἰιτοῡ
1215 3563 1300 3654 (scil.

107 3698 164 3762 τοῦ
205 3688 359 3791 Ἀράτου)
400 3695 453 3765 καί
492 3703 638 3789 γυναῖκες
673 3695 741 3792 ήδη
778 3698 831 3767 καί
869 3695 989 3774 παῖδες
1031 3696 1144 3793 ὥσπερ
1179 3697 1301 3792 πατρὸς

107 3828 214 3892 κοινοῦ
242 3823 482 3920 περιεχόμενοι.

160 3946 337 4048 Μήτηρ,
379 3960 504 4021 mater.
558 3951 650 4045 Pag.
693 3973 764 4044 345
804 3953 843 4024 F.
881 3953 1049 4025 Athenas
1084 3964 1235 4023 matrem
1264 3963 1301 4021 et

106 4079 286 4157 nutricem
314 4080 513 4176 benignam
542 4081 736 4154 multarum
763 4082 892 4155 artium
919 4097 1049 4156 vocat:
1081 4083 1214 4154 πολλῶν
1242 4082 1300 4176 μέν

107 4215 130 4307 ἡ
158 4212 251 4290 πόλις
278 4212 339 4309 ήθε
367 4212 479 4310 μήτηρ
506 4214 559 4284 καί
585 4216 703 4310 τροφός
731 4215 871 4310 εὐμενής
898 4224 1022 4311 τεχνῶν
1040 4215 1180 4308 γέγονεν.
1209 4213 1300 4306 Pag.
1380 4234 1382 4238 ·

107 4362 180 4429 413
217 4338 254 4411 C.
283 4338 549 4433 providentiam
578 4355 770 4436 comparat
798 4367 880 4414 cum
908 4344 1091 4416 benevola
1118 4358 1157 4415 et
1182 4344 1301 4438 proba
