2834 4964
692 236 736 302 61

170 436 456 534 Ἐπίτηκτος,
500 437 638 522 illitus,
675 450 732 509 est
749 437 907 510 Iacobsii
926 434 1138 511 Coniectura
1158 465 1226 534 pro
1245 444 1315 512 ἐπί-

117 595 259 665 κτητος,
287 565 504 652 adscititius‚
532 568 634 661 quod
653 566 755 639 estin
775 566 969 640 codicibus.
999 568 1083 660 Qua
1101 570 1313 642 coniectura

117 711 270 792 recepta
298 695 433 790 optime
462 710 698 791 opponuntur
725 699 868 797 ἐλαφρὸς
895 711 933 769 et
959 700 1142 801 ἐμβριθης,
1169 699 1259 772 levis
1276 714 1316 772 et

117 826 264 922 graviS,
302 829 474 924 ἀπατηλῦς
508 840 545 898 et
572 828 751 924 ἀληθινός,
779 827 888 898 fallax
915 841 952 899 et
977 852 1109 914 veram
1137 833 1315 926 ἐπίτηκτος

117 971 154 1030 et
183 958 415 1056 σφυρήλατος,
443 956 552 1028 illitus
579 970 617 1028 et
643 956 792 1029 solidus,

170 1088 262 1180 Pag.
292 1091 368 1176 408
397 1086 437 1157 E.
465 1087 579 1158 habet
606 1087 817 1184 σφυρήλατον
846 1094 942 1181 νοῦν,
970 1087 1011 1159 cf.
1039 1091 1148 1183 *pag
1179 1109 1247 1180 511
1272 1089 1312 1160 B.

64 1301 65 1304 Ἴ
170 1217 263 1310 Pag.
284 1221 354 1308 567
373 1215 412 1287 C.
440 1215 596 1310 scriptor
609 1239 728 1310 agens
743 1215 790 1286 de
805 1215 1007 1288 animarum
1024 1218 1312 1314 purgationibus

116 1347 218 1442 apud
259 1346 412 1431 inferOS,
460 1345 611 1440 genios
653 1344 714 1440 qui
740 1344 986 1418 instrumentis
1013 1348 1088 1420 suis
1115 1372 1311 1420 avarorum

115 1478 258 1550 animas
268 1475 425 1548 lacubus
440 1475 612 1548 ferventis
626 1474 714 1560 auri,
728 1475 952 1569 frigidissimi
966 1477 1106 1572 plumbi
1116 1479 1311 1573 asperique

113 1606 199 1679 ferri
235 1605 428 1679 demittunt
462 1606 748 1700 extrahuntque,
786 1631 868 1678 cum
900 1607 1011 1680 fabris
1038 1607 1187 1680 aerariis
1215 1632 1313 1680 com-

112 1749 243 1833 parat:
279 1740 336 1809 καί
370 1764 461 1817 τινας
488 1737 669 1833 ἐφεστάναι
697 1734 783 1832 (scil.
810 1739 945 1818 ταύταις
972 1746 1044 1819 ταῖς
1070 1737 1216 1835 λίμναις)
1245 1741 1312 1810 θαί-

113 1895 238 1964 μονας,
288 1866 401 1963 ὥσπερ
451 1870 481 1936 οί
529 1867 684 1962 χαλκεῖς,
732 1867 880 1964 ὀργάνοις
920 1867 1217 1968 ἀναλαμβάνοντας
1256 1869 1312 1939 καί

113 1997 296 2074 καθιέντας
331 1997 365 2064 έν
402 1996 496 2091 μέρει
527 1994 586 2073 τάς
613 1994 721 2091 ψυχὰς
748 2003 814 2065 τῶν
844 1995 884 2065 δι’
914 1997 1109 2091 ἀπληστίαν,
1133 1997 1187 2067 καί
1214 1999 1312 2068 πλεο-

113 2127 225 2205 νεξίαν
253 2131 421 2221 πονηρῶν.

170 2259 389 2333 Creberrimi
416 2284 505 2331 vero
533 2272 617 2331 sunt
645 2257 730 2341 loci,
761 2257 824 2331 ubi
838 2258 950 2351 ferri
975 2264 1139 2332 'tractura
1157 2261 1192 2332 in
1212 2287 1310 2334 com-

111 2390 309 2487 paratione
338 2388 503 2461 occurrit.

168 2521 231 2594 Sic
254 2544 342 2616 pag.
361 2541 403 2610 73
423 2519 462 2592 C.
482 2520 686 2591 libertatem
697 2520 1040 2614 reprehensionum,
1070 2522 1195 2595 amicis
1210 2522 1311 2593 adhi-

112 2653 249 2738 bitam,
276 2665 473 2746 postquam
500 2650 581 2722 laus
608 2675 735 2722 eorum
755 2650 897 2724 animos
912 2651 1103 2737 relaxavit,
1124 2677 1206 2725 cum
1225 2651 1309 2724 ferri

108 2783 270 2854 tinctura
297 2794 488 2875 comparat
514 2779 760 2875 philosophus.
803 2780 906 2853 Sicut
939 2781 1035 2853 enim
1055 2807 1153 2877 aqua
1173 2781 1308 2877 frigida

108 2913 262 2997 ferrum,
288 2910 323 2983 vi
346 2910 443 3005 ignis
465 2909 682 2996 emollitum,
706 2911 837 2982 densat
851 2924 962 3006 atque
977 2912 1096 2998 durat,
1110 2911 1160 2984 ita
1174 2912 1309 2984 amico-

108 3067 192 3114 rum
211 3042 353 3113 animos
372 3043 566 3114 confirmat
583 3041 733 3112 libertas
747 3041 1091 3136 reprehensionum,
1111 3056 1307 3138 postquam

109 3197 241 3245 eorum
282 3185 382 3243 recte
423 3170 522 3243 sacta
561 3170 810 3243 laudavimus:
858 3175 924 3266 δεῖ,
966 3173 1079 3272 ὥσπερ
1120 3178 1137 3244 ὁ
1177 3175 1309 3272 σίδηρος

109 3309 293 3375 πυκνοῦται
329 3310 373 3399 τῇ
407 3301 576 3400 περιψύξει
613 3302 668 3372 καί
704 3303 838 3398 δέχεται
875 3305 936 3398 τὴν
964 3303 1147 3396 στόμωσιν,
1176 3302 1310 3383 ἀνεθείς

67 3510 70 3515 ,
110 3440 245 3530 πρῶτον
287 3433 350 3501 ύπῦ
390 3431 595 3529 θερμότητος
631 3431 685 3500 καί
721 3431 868 3525 μαλακὸς
903 3433 1094 3527 γενόμενος,
1128 3430 1213 3503 ούτιυ
1241 3440 1308 3511 τοῖς

108 3563 221 3658 φίλοις
260 3555 509 3657 διακεχυμένοις
549 3559 603 3629 καί
644 3558 778 3656 θερμοῖς
818 3559 908 3630 οὖσιν
950 3562 1012 3630 ὑπὸ
1052 3568 1119 3632 τῶν
1161 3563 1306 3631 ἐπαίνων

108 3689 227 3786 ὥσπερ
256 3689 367 3787 βαφὴν
396 3689 525 3786 ἀτρέμα
552 3688 614 3784 τὴν
642 3689 829 3785 παρρησίαν
859 3689 1008 3784 ἐπάγειν.

164 3817 256 3910 Pag.
293 3840 365 3906 433
405 3817 450 3886 A.
485 3815 557 3887 vim
592 3815 890 3910 praesagientem
927 3815 1034 3887 animi
1066 3815 1197 3910 augeri
1223 3815 1307 3888 dicit
1404 3813 1407 3816 ’

105 3945 385 4040 refrigeratione
413 3959 451 4018 et
477 3944 691 4017 densatione
715 3944 876 4040 spiritum
899 3945 990 4019 sicut
1003 3946 1136 4018 ferrum
1150 3945 1305 4040 frigidae

94 4075 316 4148 inmissione
331 4075 495 4148 duritiem
510 4075 762 4173 eonsequitur:
790 4077 960 4175 περιψύξει
983 4078 1045 4148 τινὶ
1064 4078 1119 4147 καί
1137 4078 1305 4148 πυκνιύσει

105 4215 168 4280 τοῦ
201 4207 404 4302 πνεύματος,
438 4209 504 4278 οἷον
539 4208 635 4306 βαφῇ
666 4207 824 4304 σιδήρου,
851 4209 888 4277 τῦ
921 4208 1164 4303 προγνωστικὸν
1192 4208 1305 4304 μύριον

107 4336 319 4408 ἐντείνεσθαι
346 4337 401 4407 καί
428 4336 632 4430 στομοῦσθαι
659 4342 720 4430 τῆς
747 4337 857 4432 ψυχῆς
884 4336 941 4405 οὐκ
969 4334 1128 4405 ἀδύνατόν
1157 4337 1256 4406 ἐστιν.
