2834 4964
710 259 755 343 83

89 510 101 547 ,
165 471 300 557 σῶμα
332 463 386 532 καί
413 460 621 560 βαρύναντας
655 460 887 558 ὑποκαθαίρειν
915 459 1010 540 αὖθις
1037 462 1091 531 καί
1120 459 1331 555 ὑποκλύζειν,

89 595 218 675 ,λλὰ
250 592 413 688 διατηρεῖν
441 590 596 668 εὐσταλές
615 617 643 660 κ.
664 616 692 659 τ.
712 590 742 660 λ.

107 719 280 799 Haud
314 716 424 789 dubie
453 716 574 812 ἀγαθοί
599 718 842 812 depravatum
872 730 937 789 est.
993 717 1079 788 Non
1107 730 1208 789 recte
1237 715 1331 788 enim

89 856 307 933 dicuntur
344 850 443 932 boni,
484 845 546 940 qui
582 845 789 940 exemplum
830 845 904 919 vitii
940 845 1103 941 fugiendi
1137 860 1334 942 ponuntur.

92 989 283 1062 Incerta
310 990 367 1048 est
390 975 608 1048 emendatio.
646 975 957 1072 Wyttenbachius
971 975 1071 1048 dedit
1086 976 1213 1072 ἄθλιοι,
1228 976 1333 1068 Mad-

101 1110 260 1206 vigius
285 1107 382 1179 Adv.
411 1105 495 1178 Crit.
509 1129 598 1200 pag.
614 1111 685 1195 623
701 1106 807 1199 ἄθεοι,
823 1105 1070 1178 Bernardakis
1085 1107 1219 1200 ἄπλοοι,
1239 1107 1332 1177 Ηετ-

110 1239 332 1316 werdenus
346 1234 530 1307 Plutarch.
545 1260 632 1330 pag.
649 1241 671 1308 6
688 1237 830 1333 ἀνόητοι,
846 1236 948 1330 quod
958 1235 993 1307 in
1004 1235 1173 1308 versione
1184 1235 1333 1308 reddidi.

169 1370 282 1462 Pag.
322 1372 390 1456 136
428 1367 475 1436 A.
512 1364 730 1436 Plutarchus
757 1363 955 1460 imaginem
983 1364 1112 1460 petivit
1138 1390 1161 1437 a
1186 1364 1331 1439 navium

126 1495 393 1574 subductione.
430 1497 613 1567 Hortatur
640 1519 773 1590 nempe
802 1494 942 1567 civilem
971 1495 1107 1578 virum,
1145 1509 1185 1567 ut
1211 1495 1334 1590 parvis

132 1631 162 1704 in
188 1629 314 1701 rebus
340 1625 588 1699 remissionem
617 1625 786 1698 admittat
806 1625 956 1721 otioque
975 1625 1182 1721 indulgeat,
1211 1631 1240 1700 εἰ
1260 1625 1333 1726 βού-

137 1764 236 1832 λεται
259 1761 338 1856 πρὸς
365 1757 423 1836 τὰς
450 1757 551 1836 καλὰς
578 1756 710 1853 πράξεις
738 1757 791 1827 καί
819 1757 965 1852 μεγάλας
993 1758 1040 1853 μὴ
1061 1757 1211 1828 διάπονον
1243 1758 1331 1852 ἔχειν

142 1891 169 1959 τύ
208 1895 330 1982 σῶμα,
368 1885 446 1983 μηδ’
485 1884 594 1986 ἀμβλύ
632 1884 711 1980 μηθ’
740 1886 966 1983 ἀπαγορεῦον,
999 1885 1070 1955 ἀλλ’
1107 1886 1253 1981 ὥσπερ
1290 1887 1332 1955 ἐν

145 2015 330 2111 νεωλκίᾳ
356 2021 401 2111 τῇ
427 2015 536 2110 σχολῇ
562 2012 855 2110 τεθεραπευμένον.

188 2142 280 2216 Huc
307 2167 458 2238 quoque
485 2140 642 2236 pertinet
661 2140 816 2235 elegans
833 2140 959 2236 imago
979 2165 1067 2236 pag.
1087 2147 1162 2232 476
1183 2141 1239 2227 A.
1260 2165 1333 2235 qua

153 2271 232 2346 dicit
256 2287 399 2368 portum
427 2270 571 2357 mortis,
600 2270 628 2343 si
655 2270 753 2343 vitae
780 2270 984 2353 laboribus,
1014 2285 1202 2366 tamquam
1222 2271 1333 2344 vehe-

157 2402 322 2475 mentibus
359 2401 549 2497 procelliS‚
578 2402 797 2487 obruamur,
825 2401 859 2472 in
897 2400 1107 2496 propinquo
1143 2427 1244 2484 esse,
1282 2402 1331 2473 ad

161 2555 254 2627 quem
279 2558 299 2606 e
328 2557 503 2627 corpore,
526 2545 712 2625 tamquam
742 2556 762 2603 e
790 2531 931 2627 scapha
958 2530 1109 2617 rimosa,
1129 2531 1226 2604 omni
1243 2545 1332 2604 tem-

165 2685 238 2756 pore
267 2677 418 2736 enatare
450 2661 649 2757 possimus:
682 2664 870 2760 παραλύγου
906 2664 943 2733 δέ
978 2690 1061 2742 τινος
1097 2664 1151 2734 καί
1187 2663 1331 2758 μεγάλου

166 2793 378 2894 καταλαβόντος
410 2793 464 2863 καί
498 2791 742 2890 κρατήσαντος,
778 2791 872 2886 ε’γγὺς
901 2796 917 2862 ὁ
951 2793 1050 2887 λιμὴν
1086 2793 1139 2862 καλ
1174 2792 1329 2889 πάρεστιν

164 2918 368 3017 ’ἀπονήξασθαι
394 2926 450 2992 τοῦ
478 2922 644 3015 σώματος,
674 2920 786 3016 ὥσπερ
815 2921 967 3016 ἐφολκίου
996 2922 1043 3016 μὴ
1072 2922 1252 3014 στέγοντος.

207 3045 286 3120 Alibi
312 3072 462 3143 quoque
490 3049 623 3144 λιμὴν
651 3046 964 3142 comparationem
992 3061 1121 3120 nostro
1144 3046 1330 3142 praebuit,

169 3173 245 3248 velut
268 3203 354 3273 pag.
386 3183 457 3267 778
487 3176 546 3262 C..
573 3175 636 3248 ubi
663 3177 739 3247 alta
766 3176 868 3271 quies
897 3203 978 3251 cum
1009 3191 1121 3273 portu
1148 3179 1196 3249 ab
1224 3176 1329 3250 undis

169 3315 228 3376 tuto
249 3323 282 3380 et
306 3306 424 3380 silenti
452 3319 702 3402 comparatur:
730 3311 766 3379 τύ
794 3308 918 3404 ἀγαθὸν
946 3312 979 3379 ἐν
1008 3317 1057 3406 τῷ
1072 3308 1251 3408 βαθυτάτῳ
1270 3316 1329 3405 τῆς

167 3435 297 3534 ἡσυχίας,
325 3439 439 3535 ὥσπερ
467 3439 500 3507 ἐν
528 3436 679 3533 ἀκλύστῳ
716 3438 821 3531 λιμένι
848 3439 903 3508 καί
928 3445 1033 3534 κωφῷ
1051 3437 1232 3531 τιθέμενος.
1277 3435 1328 3508 Cf.

169 3583 234 3656 pag.
259 3588 330 3660 550
358 3566 414 3652 C„
449 3590 515 3657 123
545 3566 586 3637 E.

206 3691 359 3792 Denique
413 3694 469 3768 hic
524 3695 782 3766 memorandus
823 3707 879 3766 est
925 3719 1014 3767 usus
1059 3693 1329 3789 metaphoricus

169 3823 247 3895 verbi
269 3827 562 3925 καθορμίζειν
589 3847 677 3919 pag.
705 3845 779 3916 455
811 3823 869 3896 C:
898 3824 1107 3923 καθορμίζειν
1141 3828 1255 3897 ἑαυτὸν
1282 3828 1329 3905 εἰς

166 3952 288 4050 ἡσυχίαν.

205 4087 310 4165 Vitam
333 4117 417 4165 cum
431 4116 527 4164 nave
546 4105 739 4185 comparat
756 4091 978 4164 Plutarchus
1001 4115 1090 4186 pag.
1101 4096 1174 4180 604
1192 4092 1249 4173 D.
1266 4090 1329 4162 ubi

164 4214 203 4288 ait
216 4222 400 4319 plerosque
428 4222 527 4294 nullo
548 4235 710 4316 cogente
734 4221 886 4294 revulsis
911 4221 1059 4293 ancoris
1077 4220 1174 4293 vitae
1195 4246 1327 4293 navem
1353 4313 1355 4317 Ι

165 4346 203 4418 ad
214 4349 311 4424 alium
325 4365 472 4448 portum
487 4351 699 4424 transferre:
720 4354 911 4424 οἱπλεῖστοι
930 4353 1071 4450 μηθενὸς
1090 4353 1327 4448 ἀναγκάζοντος
