2834 4964
678 227 726 295 80

103 441 250 500 mortuo
279 442 471 523 comparat
498 448 581 501 cum
609 428 727 501 nautis
746 428 879 502 amisso
897 430 1164 524 gubernaculo.
1197 433 1298 507 Sicut

102 557 197 630 enim
239 557 357 630 fracto
399 558 656 653 gubernaculo
698 573 879 631 conantur
919 559 989 632 alia
1029 560 1132 656 ligna
1170 578 1299 658 aptare

103 702 215 784 atque
251 688 427 782 affigere,
463 687 649 783 praesenti
684 687 906 782 indigentiae
938 703 1139 786 utcumque
1166 695 1300 767 subve-

103 817 261 901 nientes,
295 817 345 890 ita
374 820 511 891 Brutus
537 832 623 913 post
650 832 805 891 mortem
833 818 1023 913 collegae,
1051 820 1149 915 paris
1178 822 1300 910 oneri,

105 961 258 1020 coactus
285 962 365 1021 erat
390 947 448 1031 iis,
478 973 573 1044 quos
599 948 764 1021 habebat
791 950 924 1035 duem,
944 949 1013 1021 uti:
1039 952 1152 1050 ὥσπερ
1172 955 1207 1022 ἐν
1226 954 1302 1051 πλῷ

104 1080 266 1175 πηδαλίου
295 1079 519 1181 συντριβέντος
549 1079 646 1177 ἕτερα
673 1079 752 1160 ξύλα
771 1081 954 1177 προςηλοῦν
974 1080 1028 1151 καί
1045 1083 1301 1179 προςαρμόττειν

104 1208 350 1304 ἐπιχειροῦσιν,
387 1207 444 1277 οῦκ
471 1206 507 1278 εῦ
536 1210 616 1302 μέν,
645 1209 806 1303 ἀναγκαῖα
833 1208 890 1300 δέ,
919 1209 1102 1304 μαχόμενοι
1130 1210 1213 1307 πρός
1240 1213 1302 1307 τὴν

105 1337 241 1432 χρείαν,
282 1333 368 1406 ούτω
409 1332 553 1432 Βροῦτος
594 1337 628 1405 ἐν
669 1336 807 1429 δυνάμει
847 1335 992 1432 τοσαύτῃ
1028 1337 1082 1407 καί
1118 1340 1303 1436 μετεώροις

105 1463 293 1561 πράγμασιν
344 1464 401 1534 οῦκ
454 1465 542 1560 ἔχων
588 1467 822 1562 ἰσορροποῦντα
866 1467 1049 1561 στρατηγδν
1093 1467 1304 1561 ἠναγκάζετο

105 1591 254 1689 χρῆσθαι
281 1599 348 1670 τοῖς
376 1599 545 1689 παροῦσιν.

158 1727 256 1799 Alibi
282 1752 372 1823 pag.
400 1749 473 1821 452
504 1729 544 1800 B.
572 1727 623 1800 ait
649 1727 769 1801 multis
798 1727 833 1799 in
852 1730 963 1800 rebus
982 1742 1161 1815 mentem,
1191 1733 1306 1804 affec-

106 1856 202 1930 tibus
243 1857 389 1930 omnino
431 1883 478 1930 ex
509 1857 630 1930 animo
658 1857 810 1940 evulsis,
845 1882 926 1930 esse
955 1857 1180 1946 otiosiorem,
1211 1860 1306 1934 sicut

105 1990 354 2082 gubernator,
391 2002 587 2083 postquam
623 2001 756 2061 ventus
794 1987 969 2073 cessavit,
997 2013 1071 2060 non
1099 1990 1303 2062 admodum

104 2117 236 2203 habet,
264 2118 366 2213 quod
393 2132 503 2213 agat:
530 2127 597 2191 τῶν
625 2120 662 2189 δὲ
684 2118 804 2190 παθῶν
823 2119 1034 2189 παντάπασιν
1054 2120 1302 2217 ἀναιρεθέντων

106 2250 139 2319 ἐν
175 2250 308 2329 πολλοῖς
345 2250 518 2347 ἀργότερος
546 2253 566 2319 -ῦ
593 2249 687 2343 λόγος
714 2247 768 2317 καλ
796 2246 1020 2349 ἀμβλύτερος,
1049 2247 1162 2344 ὥσπερ
1190 2250 1308 2350 κυβερ-

106 2377 210 2473 νήτης
236 2377 426 2472 πνεύματος
453 2377 673 2454 ἐπιλιπόντος.

162 2505 302 2577 Eodem
331 2504 489 2599 pertinet
516 2503 742 2599 metaphora,
775 2526 872 2597 quae
901 2516 1020 2574 exstat
1046 2526 1133 2597 pag.
1164 2527 1212 2593 34
1239 2504 1308 2576 A.:

108 2640 125 2706 ὁ
162 2631 188 2707 δ’
226 2635 279 2731 ὑφ’
314 2636 437 2732 ἡδονῆς
469 2635 524 2706 καί
560 2636 648 2732 ὥρας
676 2633 742 2704 ὥδε
771 2634 869 2704 κάκεῖ
900 2633 1310 2730 μετοιακιζόμενος

37 2769 40 2774 ’
108 2767 320 2862 ἐπαρίστερος
346 2763 402 2835 καί
426 2763 582 2864 ἀβέβαιός
609 2765 710 2832 ἐστιν.

160 2893 252 2986 Pag.
281 2915 327 2981 33
349 2893 390 2965 F.
419 2890 578 2986 legitur:
606 2892 725 2988 τρόπος
751 2889 863 2961 πείθει
891 2889 944 2960 διὰ
971 2890 1120 2986 χαλινοῦ,
1148 2890 1308 2990 καθάπερ

107 3022 312 3124 κυβερνήτης
339 3023 393 3093 διὰ
419 3024 596 3118 πηδαλίου,
624 3019 644 3091 i.
660 3043 691 3090 e.
720 3042 840 3090 mores
863 3016 1016 3088 alicuius
1031 3030 1179 3088 movent
1193 3017 1307 3089 alium

109 3150 285 3236 oratione,
313 3150 407 3223 sicut
433 3151 663 3245 gubernator
691 3149 798 3221 clavo
826 3147 924 3242 regit
950 3170 1091 3218 navem.

163 3279 335 3374 Denique
361 3280 434 3352 huc
462 3293 605 3375 spectat
632 3277 879 3374 comparatio,
909 3300 1004 3371 quae
1036 3299 1123 3371 pag.
1155 3281 1228 3364 788
1258 3278 1309 3350 D.

108 3408 306 3495 invenitur,
335 3435 409 3504 quo
433 3410 517 3481 loco
541 3408 757 3481 Plutarchus
780 3404 867 3479 dicit
881 3405 1064 3491 civitates,
1093 3405 1128 3476 in
1143 3420 1245 3478 metu
1261 3432 1310 3480 ac

111 3540 275 3635 periculo
295 3564 317 3611 a
336 3539 484 3613 senibus
503 3540 584 3635 regi
604 3538 810 3634 cupienteS‚
839 3561 952 3631 saepe
971 3536 1043 3606 iam
1058 3535 1135 3608 seni
1148 3561 1194 3608 ex
1207 3561 1309 3631 agro

108 3669 227 3742 accito
268 3671 413 3742 clavum
457 3669 509 3743 rei
534 3669 706 3765 publicae
733 3666 942 3740 tradidisse:
996 3671 1032 3737 αἱ
1057 3667 1195 3759 πολεις,
1225 3668 1308 3741 ὅταν

109 3803 291 3871 πταίσωσιν
319 3803 341 3896 ἢ
371 3802 574 3903 φοβηθῶσι,
602 3800 834 3901 πρεσβυτέρων
862 3797 1020 3868 ποθοῦσιν
1049 3795 1157 3891 ἀρχὴν
1173 3795 1307 3892 ἀνθρώ-

110 3955 182 3999 πων
222 3930 277 4000 καί
316 3930 475 4009 πολλάκις
501 3931 535 4010 ἐξ
562 3930 662 4026 ἀγροῦ
689 3927 890 4022 κατάγουσαι
916 3928 1054 4022 γέροντα
1083 3924 1307 4020 ἠνάγκασαν,

112 4057 225 4156 ὥσπερ
236 4059 356 4129 οἰάκων
372 4058 599 4156 ἐφαψάμενον,
615 4060 662 4135 είς
676 4055 824 4151 ἀσφαλὲς
838 4062 1046 4151 καταστῆσαι
1060 4053 1101 4125 τά
1110 4051 1307 4148 πράγματα.

164 4184 275 4266 Ποῦς
301 4186 336 4257 in
365 4211 404 4258 re
432 4184 580 4257 nautica
608 4197 663 4256 est
691 4186 848 4282 inferior
854 4182 1069 4278 sanaturus,
1091 4204 1166 4274 quo
1180 4178 1308 4251 velum

112 4315 171 4386 vel
184 4314 425 4410 adstringitur
438 4314 498 4388 vel
508 4312 829 4385 remittitur.Latini
836 4312 960 4407 pedem
971 4310 1105 4396 dicunt,
1120 4322 1307 4382 nostrates
