2834 4964
680 256 725 325 74

157 444 248 537 Pag.
290 446 364 533 488
405 443 445 514 B.
486 441 573 514 dicit
613 441 649 513 in
689 442 838 514 fratrum
867 442 1093 516 dissensione
1118 444 1174 516 ius
1201 444 1350 517 velut?

102 597 170 668 pro
199 572 342 645 bilance
370 571 622 643 adhibendum
650 596 731 644 esse
759 586 797 644 et
823 572 901 645 sine
929 572 983 644 ira
1010 597 1055 644 ac
1080 574 1203 646 studio
1228 599 1295 646 mo-

102 716 265 775 mentum
293 702 345 774 rei
373 726 454 775 esse
482 701 816 774 considerandum:
845 704 931 775 ἀλλὰ
958 705 1056 776 κάκεῖ
1071 701 1158 802 (scil.
1178 705 1214 775 in
1233 706 1297 776 fra-

102 846 199 904 trum
239 829 482 929 dissensione)
522 833 728 928 φυλακτέον,
757 832 847 911 ὅπως
873 833 915 903 τὰ
941 833 1123 929 πράγματα
1151 835 1301 932 μάχηται

102 958 177 1034 καθ’
204 956 308 1059 αὑτάξ,
336 962 440 1057 μηδὲν
469 963 506 1030 ἐκ
534 961 718 1054 φιλονικίας
745 955 822 1056 μηδ’
851 962 952 1057 ὀργῆς
979 961 1087 1041 πάθος
1114 962 1303 1060 προςτιθέν-

104 1117 187 1184 τας,
229 1085 301 1161 ἀλλ’
341 1090 454 1187 ὥσπερ
496 1088 552 1158 ἐπὶ
587 1088 684 1183 ζυγοῦ
720 1094 777 1158 τοῦ
806 1089 931 1160 δικαίου
959 1090 1021 1184 τὴν
1050 1092 1155 1187 ῥοπὴν
1184 1099 1304 1169 κοινῶς

106 1218 394 1316 ἀποθεωροῦντας.
425 1215 476 1288 Cf.
504 1239 592 1310 pag.
621 1236 694 1305 447
726 1216 796 1301 D.‚
824 1221 899 1306 469
929 1216 980 1302 C„
1012 1238 1055 1309 75
1087 1217 1136 1303 C.‚
1163 1239 1237 1310 754
1264 1219 1304 1288 B.

158 1345 363 1440 Σταθμδν
392 1346 517 1442 ἄγειν
534 1400 543 1438 ,
563 1344 709 1438 pondus
736 1346 871 1430 habere,
900 1346 1149 1441 metaphorice
1178 1361 1308 1421 noster

106 1487 259 1569 usurpat
285 1497 373 1568 pag.
403 1478 450 1562 96
479 1474 518 1544 Β.
534 1530 542 1557 ,
570 1473 633 1545 ubi
657 1473 745 1546 dicit
759 1499 832 1546 non
848 1475 1012 1548 eiusdem
1028 1476 1205 1571 ponderis
1221 1503 1306 1551 esse

103 1604 235 1677 inimici
265 1603 481 1675 memoriam
509 1601 719 1675 iniuriarum
747 1617 784 1676 et
811 1605 918 1677 amici
946 1605 1129 1700 gratiam:
1159 1610 1219 1678 οῦκ
1233 1611 1308 1679 ἴσον

105 1735 177 1831 ἄγει
219 1733 368 1828 σταθμδν
410 1733 534 1830 ἐχθροῦ
576 1736 777 1829 μνησικακία
803 1735 859 1805 καί
886 1736 982 1831 φίλου
1009 1736 1115 1834 χάρις.
1145 1734 1198 1807 Cf.
1214 1760 1306 1830 pag.

111 1884 183 1955 599
213 1861 251 1933 C·
650 1850 653 1856 ’
979 1876 981 1882 ’

159 2002 251 2095 Pag.
297 2005 363 2092 581
409 1999 454 2070 A
496 2000 677 2093 legimus:
714 2007 759 2080 ὡς
786 2002 847 2100 γὰρ
875 2004 957 2099 ὁλκὴ
986 2005 1052 2098 μία
1072 1999 1147 2075 καθ’
1175 2006 1306 2101 ἑαυτὴν

107 2133 164 2202 οῦκ
205 2131 278 2227 ἄγει
319 2130 460 2223 (Herw.
488 2131 640 2226 κατάγει)
668 2133 724 2202 τδν
753 2131 860 2227 ζυγόν7
889 2133 1113 2229 ἰσορροποῦντι
1141 2133 1176 2202 δὲ
1208 2134 1307 2234 βάρει

106 2260 350 2358 προςτιθεμένη
387 2261 490 2330 κλίνει
517 2261 554 2330 τδ
582 2258 713 2352 σύμπαν
743 2254 795 2355 ἐφ’
821 2259 957 2355 ἑαυτήν,
985 2257 1089 2338 οὕτως
1115 2262 1309 2359 ἐφαρμόσει

107 2389 239 2483 κληδὼν
258 2387 282 2483 ἦ
300 2414 332 2458 τι
350 2393 495 2458 τοιοῦτον
515 2386 744 2487 σῦμβολονΉ*
761 2388 816 2459 καί
834 2394 968 2484 κοῦφον,
988 2388 1132 2489 ἐμβριθῆ
1153 2389 1307 2462 διάνοιαν

109 2514 361 2586 ἐπισπάσασθαι
388 2517 468 2612 πρδς
495 2515 622 2612 πρᾶξιν·
651 2516 738 2587 δυεῖν
767 2511 953 2588 δ’ἐναντίων
982 2518 1148 2612 λογισμῶν
1164 2517 1306 2616 θάτέρῳ

108 2642 300 2741 προςελθὼν
329 2640 500 2739 (Diibner
528 2643 685 2715 correxit
710 2645 908 2742 προςελθδν)
937 2646 1036 2715 ἔλυσε
1062 2645 1124 2740 τὴν
1148 2646 1308 2743 ἀπορίαν,

110 2779 170 2867 τῆς
198 2771 349 2865 ἰσότητος
376 2772 620 2869 ἀναιρεθείσης,
649 2773 737 2845 ὥστε
764 2775 892 2868 κίνησιν
921 2773 1092 2868 γίγνεσθαι
1113 2773 1308 2871 καίὸρμην.

111 2910 195 2980 Hoc
231 2908 314 2980 loco
343 2909 540 2982 miserrime
568 2924 741 3006 corrupto
768 2910 985 2983 Plutarchus
1012 2924 1203 3004 comparat
1230 2912 1308 2984 cla-

112 3063 253 3110 morem
295 3039 499 3113 ominosum
539 3041 599 3113 vel
635 3041 734 3113 aliud
761 3041 840 3113 eius
867 3039 1016 3134 generis
1042 3040 1189 3134 signum
1218 3066 1307 3113 cum

110 3167 286 3250 drachma
325 3193 448 3264 parva.
489 3171 560 3243 Per
599 3196 639 3243 se
668 3196 740 3243 non
768 3183 892 3266 potest
918 3170 990 3241 tale
1017 3170 1187 3264 signum,
1217 3172 1310 3265 quia

107 3322 261 3393 parvum
303 3311 358 3370 est
397 3314 434 3372 et
464 3300 557 3389 leve,
586 3325 741 3395 gravem
771 3300 934 3372 animum
963 3300 1012 3371 ad
1039 3299 1223 3371 actionem
1252 3301 1308 3372 in-

109 3427 230 3514 citare,
258 3429 334 3514 sed,
362 3453 446 3502 cum
475 3430 620 3503 animus
647 3430 933 3525 cogitationibus
961 3430 1104 3502 diverse
1131 3429 1309 3517 trahitur,

110 3559 213 3630 alteri
239 3559 333 3654 parti
360 3561 555 3652 accedens,
570 3560 837 3650 dubitationem
853 3559 985 3631 dirimit
999 3616 1007 3645 ‚
1021 3559 1115 3631 sicut
1128 3559 1310 3633 drachma

109 3713 225 3784 parva
265 3715 332 3784 pro
369 3715 409 3763 se
437 3690 580 3763 lancem
609 3691 767 3763 trutinae
795 3715 868 3762 non
897 3702 1128 3771 commovet,
1158 3690 1310 3763 adiecta

107 3834 229 3891 autem
258 3820 404 3914 aequali
432 3821 588 3915 ponderi
616 3821 664 3892 ad
691 3845 731 3893 se
758 3834 873 3892 totum
902 3820 1058 3892 inclinat.

162 3949 379 4044 Complures
406 3949 517 4023 critici
544 3951 628 4023 huic
656 3951 739 4023 loco
762 3951 929 4024 sanando
944 3973 1096 4044 operam
1112 3967 1308 4025 navarunt.

107 4077 199 4150 Cum
217 4079 470 4151 Herwerdeno
484 4081 665 4153 Plutarch.
680 4104 768 4175 pag.
790 4104 832 4170 19
848 4080 1051 4174 legendum
1062 4078 1207 4151 videtur
1218 4084 1305 4180 ὁλκὴ

110 4210 207 4307 μικρὰ
251 4233 319 4303 pro
364 4212 447 4306 ὁλκὴ
493 4215 552 4307 μία
597 4224 646 4283 et·
674 4212 810 4308 κατάγει
837 4235 905 4305 pro
933 4211 1017 4308 ἄγει.
1048 4210 1206 4281 Diibner
1233 4238 1307 4306 pro

109 4338 299 4432 προςελθὼν
328 4338 431 4411 dedit
457 4341 649 4439 προςελθόν.
679 4340 987 4436 Wyttenbachius
1015 4354 1181 4412 correcto
1202 4345 1308 4442 ἐφαρ-
