2866 5040
744 208 790 292 78

221 410 386 483 Conferri
413 423 536 504 potest
562 434 649 505 pag.
679 416 750 482 812
782 410 840 496 B„
868 410 932 482 ubi
950 435 1018 506 pro
1039 413 1111 510 ἱερὰ
1129 412 1263 511 ἄγκυρα
1282 412 1374 484 dicit

170 543 254 638 ἱερδν
282 547 407 619 σκεῦος.

221 668 305 739 Huc
341 668 451 740 etiam
477 667 635 763 pertinet
668 667 897 764 comparatio
925 669 963 740 in
991 668 1066 742 vita
1094 667 1229 742 Coriol.
1260 695 1291 742 c.
1323 695 1370 762 32

168 821 255 891 pag.
287 803 359 888 298
388 798 445 870 F.:
483 800 738 871 ἐπανελθόντων
771 799 808 869 δὲ
840 807 906 870 τῶν
939 800 1112 900 πρέσβεων
1141 799 1319 872 ἀκούσασα
1345 807 1367 900 ἡ

169 928 293 1028 βουλή,
321 928 475 1025 καθάπερ
504 930 538 997 ἐν
566 935 710 1024 χειμῶνι
737 927 855 1023 πολλῷ
881 927 936 997 καλ
963 927 1104 997 κλύδωνι
1132 933 1192 1022 τῆς
1221 929 1367 1022 πόλεως,

169 1055 277 1153 ἄρασα
308 1056 370 1151 τὴν
408 1055 497 1153 ἱεράν
534 1055 677 1153 ἄγκυραν
711 1056 833 1151 ἀφῆκε.
886 1053 944 1129 Sic
972 1054 1067 1126 enim
1095 1078 1164 1149 pro
1191 1054 1365 1128 codicum

169 1182 325 1255 lectione
361 1185 422 1280 τὴν
459 1178 516 1279 ἀφ’
550 1187 637 1282 ἱερᾶς
665 1185 794 1279 ἀφῆκεν
822 1183 1023 1277 legendum
1051 1208 1133 1256 esse
1160 1198 1256 1278 puto
1286 1210 1370 1257 cum

169 1315 227 1386 W.
260 1314 299 1384 F.
328 1314 375 1385 H.
404 1312 555 1385 Coenon
585 1311 633 1409 (in
663 1310 814 1385 Diss‘ert.
853 1313 921 1403 „de
950 1337 1111 1408 compar.
1139 1327 1176 1385 et
1204 1316 1368 1411 metaph.

169 1445 270 1538 apud
306 1443 452 1516 Atticos
488 1442 704 1537 praesertim
732 1444 895 1537 poetas?
929 1442 1089 1515 Traiecti
1116 1444 1166 1515 ad
1193 1444 1371 1517 Rhenum

175 1579 269 1666 1875
308 1596 395 1667 pag.
432 1571 508 1670 72),
543 1571 604 1666 qui
631 1572 803 1645 adhunc
830 1573 952 1645 locum
980 1575 1153 1645 adnotat:
1182 1573 1370 1671 „Corrup-

170 1703 281 1775 telam
319 1703 404 1775 inde
438 1715 561 1774 natam
598 1726 679 1774 esse
718 1715 827 1798 puto,
861 1703 961 1797 quod
990 1703 1026 1774 in
1054 1702 1222 1798 margine
1251 1705 1374 1778 lector

170 1833 300 1928 aliquis
341 1832 594 1927 adscripserit:
640 1835 700 1930 τὴν
743 1834 800 1930 ἀρ’
831 1839 935 1933 ἱερᾶς,
962 1847 1003 1905 ut
1035 1847 1181 1906 notaret
1210 1834 1371 1908 alteram

168 1963 343 2057 loquendi
379 1963 549 2045 formam,
588 1986 698 2057 quam
735 1975 861 2034 notam
889 1962 1128 2058 marginalem
1156 1964 1192 2034 in
1224 1978 1369 2037 textum

169 2093 356 2188 irrepsisse
392 2118 460 2188 pro
497 2093 668 2187 genuinis
703 2092 828 2165 verbis
862 2093 1089 2165 crediderim.
1131 2092 1232 2184 Quid
1272 2096 1371 2168 enim

168 2224 288 2317 magis
316 2247 399 2295 cum
426 2223 479 2295 rei
507 2236 639 2294 natura
666 2223 840 2295 convenit
867 2248 996 2317 quam,
1016 2223 1078 2295 ubi
1103 2224 1149 2294 de
1175 2224 1314 2298 κλύδων
1338 2240 1374 2298 et

168 2354 295 2450 χειμών
333 2353 471 2425 mentio
507 2353 606 2424 facta
642 2353 705 2436 sit,
739 2353 847 2448 pergi
884 2353 1047 2448 imagine
1084 2378 1130 2425 ex
1163 2354 1304 2426 eadem
1333 2381 1371 2429 re

168 2495 331 2576 sumpta,
359 2495 397 2554 et
423 2482 617 2554 memorari
645 2483 788 2582 ἄγκυραν
816 2507 884 2576 pro
911 2484 1043 2555 solutis
1069 2485 1298 2556 coruilz'um.'’

219 2612 310 2706 Pag.
340 2617 409 2683 601
442 2612 481 2682 F.
510 2636 612 2684 mens
639 2625 676 2683 et
703 2611 797 2684 ratio
826 2636 907 2684 cum
925 2637 1065 2685 ancora
1079 2629 1369 2709 comparantur,

169 2741 232 2813 ubi
260 2741 415 2836 scriptor
437 2741 593 2826 homini,
614 2741 672 2812 cui
687 2742 923 2836 suppeditent
938 2768 996 2816 res
1012 2744 1060 2815 ad
1074 2743 1186 2816 vitam
1202 2744 1369 2818 toleran-

166 2872 251 2942 dam
267 2872 516 2956 necessariae,
538 2885 696 2943 mentem
716 2885 753 2943 et
767 2873 945 2944 rationem
961 2874 1092 2946 adesse
1107 2874 1247 2946 debere
1264 2874 1369 2959 dicit,

166 3014 352 3096 tamquam
380 3001 622 3097 gubernatori
637 3025 826 3087 ancoram,
842 3016 883 3074 ut
897 3002 1030 3097 quovis
1044 3016 1175 3098 portu,
1191 3005 1240 3076 ad
1252 3031 1368 3100 quem

166 3132 310 3204 delatus
337 3132 462 3216 fuerit,
490 3132 543 3204 uti
570 3132 704 3226 possit:
732 3136 823 3229 ἔχειν
839 3134 892 3204 δεῖ
902 3139 976 3205 νοῦν
993 3135 1047 3205 καλ
1062 3135 1230 3230 λογισμόν,
1248 3135 1368 3236 ὥσπερ

165 3261 308 3360 ἄγκυραν
342 3265 397 3333 τδν
425 3265 631 3365 κυβερνήτην
652 3261 720 3361 (πδν
756 3261 906 3333 inseruit
934 3263 976 3334 E.
1005 3263 1104 3336 Graf.
1134 3263 1234 3335 Nov.
1264 3265 1366 3337 Ann.

171 3394 286 3475 1888,
328 3391 399 3463 vol.
447 3413 535 3481 137,
576 3416 662 3486 pag.
703 3389 808 3487 561),
851 3394 902 3464 ἵνα
938 3393 1037 3464 πανπλ
1072 3393 1221 3492 χρῆσθαι
1256 3395 1370 3491 λιμένι

164 3521 414 3618 προςορμισδελς
454 3521 603 3616 δύνηται.

219 3647 302 3721 Ἐπ’
332 3648 524 3748 ἀγκύρας
551 3651 873 3742 ἀποσαλεύειν,
901 3649 1368 3744 propriez'nsolostarez'n

164 3781 306 3848 ancoris
341 3777 574 3871 significans
611 3780 657 3850 de
695 3779 958 3872 cupiditatibus
989 3779 1127 3851 dictum
1155 3782 1370 3874 reperimus

164 3932 250 4002 pag.
262 3931 335 3997 493
350 3908 413 3978 D.:
429 3908 532 4006 ύρεξιν
548 3915 605 3979 τοῦ
624 3910 708 3981 κατὰ
726 3908 822 4005 φύσιν
843 3910 1127 4002 ἀποσαλεύουσαν,
1143 3908 1163 3980 i.
1174 3933 1205 3981 e.
1221 3911 1370 4008 cupidi-

164 4051 450 4109 tatemanatura
461 4037 626 4108 alienam.
638 4037 862 4131 Itempaullo
873 4036 1030 4109 inferius:
1041 4039 1209 4137 τάδηρία,
1220 4041 1369 4140 ἀλόγους

164 4169 265 4266 ύρμάς
288 4169 343 4239 καλ
369 4170 490 4267 ὀρέξεις
512 4170 634 4264 ’ἔχοντα
657 4168 711 4239 καλ
729 4168 889 4266 χρώμενα
903 4168 1042 4247 πλάναις
1058 4167 1113 4238 καλ
1126 4168 1365 4266 περιδρομαῖς,

164 4297 323 4376 πολλάκις
350 4299 386 4367 οά
414 4297 541 4395 μακράν
570 4295 644 4366 ἀλλ’
673 4300 718 4375 ὡς
745 4295 799 4366 ἐπ’
825 4295 967 4393 ἀγκύρας
989 4302 1049 4391 τῆς
1064 4295 1195 4391 φύσεως
1209 4299 1365 4383 σαλεύει.
