2834 4964
752 255 820 322 116

233 452 434 554 Ἕλμιγξ,
471 461 608 539 taenia,
647 482 734 552 pag.
774 480 844 550 524
862 459 908 529 D.
936 473 992 531 est
1011 457 1145 554 imago
1173 458 1385 534 insatiabilis

185 585 410 680 cupiditatis:
447 589 488 685 ἣν
525 585 613 685 (scil.
642 585 890 685 φιλοπλουτίαν)
922 591 961 660 ἂν
990 590 1036 686 μη
1065 616 1112 669 τις
1141 591 1302 688 ἐξέληται
1329 600 1382 690 τῆς

184 718 315 813 ψυχῆς,
334 717 446 814 ὥσπερ
466 717 606 813 ἕλμιγγα
625 719 799 812 πλατεῖαν,
819 720 856 788 οὐ
874 718 1055 789 παύσονται
1074 719 1226 813 δεόμεναι
1244 728 1311 790 τῶν
1328 747 1379 792 πε·

183 853 299 942 μιττιῖιν
315 843 491 938 [τουτέστιν
507 844 746 941 ἐπιθυμοῦντες
762 849 807 915 ὥν
822 847 859 916 οὐ
874 845 1028 939 θέονταιί.
1040 845 1167 918 Verba
1183 852 1376 920 τουτέστι-

183 974 310 1044 δέονται
336 972 436 1044 haud
461 972 571 1045 dubie
591 973 715 1068 spuria
734 987 825 1046 sunt
856 972 907 1046 Cf.
928 973 1226 1049 Herwerdenum
1246 977 1374 1050 Mnem.

189 1110 280 1192 1891
312 1126 400 1197 pag.
431 1108 513 1175 288.
557 1105 696 1200 ἕλμιγγα
719 1107 877 1177 πλατεῖαν
895 1104 1141 1178 Bernardakis
1159 1119 1219 1179 est
1230 1106 1376 1181 'coniec-

76 1227 77 1230 '
184 1246 266 1304 tura
292 1258 360 1328 pro
388 1235 548 1305 obscuro
577 1234 697 1330 ἕλιγμα
724 1234 872 1330 πλάγιον.
916 1231 955 1304 C.
984 1234 1023 1304 F.
1052 1235 1256 1308 Hermann.
1277 1238 1373 1310 Rein.

183 1362 279 1434 Mus.
313 1368 427 1453 1846,
455 1388 543 1459 pag.
571 1367 647 1455 456
676 1362 803 1457 legere
831 1363 1005 1457 proponit
1025 1366 1145 1463 έλιγμά
1163 1392 1194 1437 τι
1214 1369 1375 1464 ἀλγεινύν,

183 1493 271 1563 dum
298 1492 440 1565 confert
467 1492 596 1565 Soran.
624 1494 671 1564 de
699 1492 813 1587 signis
839 1492 942 1565 fract.
969 1518 1057 1588 pag.
1085 1516 1155 1587 45,
1177 1494 1240 1566 ubi
1263 1473 1386 1595 ἕλιγμα

183 1623 230 1694 de
270 1622 431 1695 fractura
465 1624 525 1695 vel
551 1622 713 1694 laesione
742 1622 853 1694 cranii
878 1638 1086 1718 usurpatur.
1142 1623 1231 1696 Mihi
1260 1639 1373 1698 tamen

184 1752 391 1825 emendatio
427 1752 670 1825 Bernardakis
706 1752 930 1848 probabilior
964 1778 1045 1826 esse
1075 1752 1229 1826 videtur.
1285 1757 1373 1828 Nam

184 1882 304 1955 taenia
331 1897 519 1977 tamquam
546 1882 704 1977 imagine
731 1882 941 1955 insatiabilis
969 1883 1177 1979 cupiditatis
1201 1902 1372 1981 usurpata

184 2013 304 2086 omnia
331 2028 431 2086 recte
459 2038 498 2086 se
526 2014 664 2086 habere
693 2027 795 2108 puto.

237 2143 418 2244 Θμῖπες,
447 2145 627 2215 teredines.
663 2145 755 2239 Pag.
783 2168 832 2234 49
849 2145 888 2215 B.
922 2144 1142 2217 Plutarchus
1161 2146 1367 2218 adulatores

184 2298 266 2345 cum
294 2272 516 2346 teredinibus
544 2288 744 2369 comparat.
786 2273 883 2345 Dicit
910 2299 1042 2368 nempe
1066 2275 1283 2349 adulatores
1302 2276 1366 2371 ple·

184 2429 337 2498 rumque
365 2429 387 2476 a
414 2403 624 2499 generosis
652 2404 747 2499 frugi
773 2403 998 2499 placidisque
1025 2403 1181 2500 ingeniis
1210 2405 1318 2501 recipi
1336 2418 1366 2477 et

185 2533 249 2619 ali,
276 2533 369 2629 sicut
394 2533 577 2606 teredines
599 2533 824 2629 potissimum
838 2533 872 2604 in
887 2533 993 2629 lignis
1007 2533 1142 2606 teneris
1158 2549 1198 2606 et
1212 2534 1365 2608 dulcibus

184 2663 328 2735 vivunt:
357 2665 470 2762 ὥσπερ
498 2670 527 2735 οἱ
553 2665 670 2762 θρῖπες
697 2664 861 2735 ἐνδύονται
890 2665 1032 2759 μάλιστα
1060 2672 1128 2744 τοῖς
1155 2667 1297 2745 ἁπαλοῖς
1320 2665 1364 2735 καί

184 2782 315 2890 γλυκέσι
343 2793 465 2885 ξύλοις,
494 2792 578 2864 υύτοι
606 2794 647 2865 τὰ
675 2794 833 2889 φιλότιμα
860 2802 927 2863 τῶν
955 2792 1051 2889 ἠθῶν
1080 2795 1135 2865 καί
1163 2794 1295 2892 χρηστὰ
1319 2793 1363 2864 καί

184 2926 314 3019 ἐπιεικῆ
356 2925 410 2993 τθν
451 2924 576 2993 κολακα
616 2924 749 3018 δέχεται
790 2922 843 2992 καί
879 2925 994 3018 τρέφει
1019 2924 1279 3024 πμυςφυύμενον.
1329 2921 1359 2990 ln

184 3051 364 3123 nonnullis
414 3049 602 3122 codicibus
651 3048 784 3144 legitur
824 3049 1026 3147 ἐμφύονται,
1068 3050 1169 3144 quod
1206 3032 1362 3147 Wytten-

183 3180 336 3252 bachius
371 3180 548 3276 praefert,
581 3179 666 3275 quia
715 3193 808 3251 teste
848 3180 1120 3275 Theophrasto·
1134 3181 1232 3254 Hist.
1259 3181 1361 3253 Plant

183 3311 236 3394 V,
268 3332 297 3402 5.
326 3311 397 3408 IX,
433 3332 473 3403 15
504 3311 633 3382 teredo
660 3309 694 3380 in
722 3309 801 3405 ipsa
829 3309 951 3381 radice
975 3325 1158 3382 nascatur.
1189 3310 1241 3384 Cf.
1260 3312 1361 3407 Wytt

182 3442 318 3513 Annot.
345 3441 379 3512 in
408 3442 500 3513 Mor.
529 3442 543 3511 l
570 3465 657 3536 pag.
686 3463 772 3531 421.

236 3572 401 3668 Σηπία,
441 3576 545 3665 repete.
601 3562 742 3642 Notum
784 3584 839 3642 est
874 3569 1031 3665 sepiam,
1060 3594 1144 3642 cum
1174 3572 1257 3675 capi
1282 3568 1359 3666 peri-

183 3700 345 3785 clitatur,
381 3715 501 3773 atrum
536 3701 713 3796 liquorem
748 3699 930 3782 emittere,
960 3714 1000 3771 ut
1027 3698 1219 3796 piscatoris
1248 3700 1363 3774 oculos

183 3831 344 3925 effugiat.
387 3831 437 3904 Cf.
467 3831 541 3904 Cic.
570 3832 617 3902 de
646 3832 734 3902 Nat.
764 3831 875 3917 Deor.
904 3831 952 3915 ll,
975 3852 1032 3923 50.
1052 3831 1145 3902 Plut.
1165 3833 1214 3903 de
1234 3830 1362 3905 Sollert

184 3961 302 4033 Anim.
330 3986 417 4056 pag.
448 3967 521 4051 978
537 3962 577 4032 B.
633 3962 743 4033 Unde
770 3959 966 4055 imaginem
995 3959 1121 4055 petivit
1138 3959 1364 4057 philosophus

183 4115 270 4186 pag.
315 4097 384 4184 565
408 4091 467 4177 C.‚
508 4091 570 4164 ubi
609 4091 758 4162 lividum
801 4091 981 4176 colorem,
1018 4115 1092 4185 quo
1121 4089 1363 4164 malevolentia

184 4221 338 4293 animam
366 4221 490 4325 tingit,
519 4222 660 4293 confert
688 4246 770 4292 cum
799 4234 1023 4305 atrament0‚
1052 4245 1127 4315 quo
1152 4244 1255 4294 mare
1274 4218 1367 4315 tingit

185 4350 303 4446 sepia:
331 4354 484 4424 κακόνοια
512 4354 548 4423 rb
576 4354 673 4432 ἰῶδες
700 4353 859 4448 ἀφίησιν,
878 4353 991 4448 ὥσπερ
1010 4356 1045 4422 αί
1064 4353 1185 4446 σηπίαι
1203 4355 1241 4424 rb
1260 4353 1366 4449 μέλαν.
