2834 4964
673 259 722 308 20

103 451 150 524 ὡς
176 446 282 538 ἔοικε,
317 444 526 541 χρησάμενος
554 445 737 540 ἀσφαλείας
774 444 869 516 ἕνεκα
895 447 976 542 πρύς
1002 445 1075 523 τοὺς
1102 446 1314 544 τυράννους,

103 572 138 644 in
165 571 240 646 vita
267 569 413 644 Periclis
441 596 471 643 c.
499 595 521 662 4
551 596 638 667 pag.
671 594 738 664 154
766 572 828 643 A.:
856 573 894 642 ού
913 573 979 668 μὴν
998 571 1159 645 ἔλαθενὸ
1181 572 1312 670 Δάμων

103 711 147 800 τῇ
181 702 264 800 λύρᾳ
298 700 577 799 παρακαλύμματι
609 704 801 800 χρώμενος,
836 699 871 772 ἱιι
907 701 983 772 vita
1019 699 1143 786 Marii,
1185 727 1219 774 c.
1264 727 1312 794 29

104 855 191 926 pag.
219 839 293 921 42'2
324 830 384 900 E.:
420 831 474 901 καί
500 829 561 927 γὰρ
588 837 682 901 τοῦτο
709 829 895 928 προςέθηκε
929 828 1019 918 (scil.
1046 834 1063 901 ὁ
1090 827 1245 931 Μάριος)
1276 837 1313 906 τύ

88 964 204 1057 ’σοφλν
232 961 345 1057 ὥσπερ
363 959 610 1056 παρακάλυμμα
628 965 689 1053 τῆς
708 957 886 1055 αἰσχύνης,
906 957 949 1029 cf.
968 963 1003 1029 in
1021 957 1096 1030 vita
1117 959 1310 1055 Agesilai,

104 1113 192 1184 pag.
222 1093 295 1178 617
329 1088 396 1173 D.,
436 1085 471 1158 in
512 1085 587 1158 vita
624 1084 769 1158 Galbae
812 1111 900 1182 pag.
935 1094 1024 1161 1061
1057 1090 1118 1175 E„
1161 1089 1201 1162 in
1231 1091 1311 1164 vita

103 1220 250 1292 Numae
277 1242 364 1313 pag.
396 1222 441 1307 76
470 1217 532 1301 E.,
559 1215 594 1287 in
623 1215 821 1289 moralibus
847 1241 936 1312 pag.
967 1240 1012 1308 27
1042 1219 1100 1290 E.:
1130 1222 1311 1319 ἐχρήσατο

102 1358 162 1447 τῆς
190 1352 328 1447 ἀπορίας
354 1345 653 1445 παρακαλύμματι,
681 1371 769 1441 pag.
789 1352 862 1440 654
883 1348 950 1420 D.:
969 1350 1227 1448 παρακάλυμμα
1246 1359 1309 1448 τῆς

103 1480 226 1576 ἡδονῆς
265 1480 301 1548 το
341 1478 463 1555 σκότος.
493 1474 684 1572 (tenebrae
711 1477 833 1549 velum
861 1477 1060 1573 voluptatis
1087 1479 1332 1579 venereae).⁴

105 1608 396 1701 Nonnumquam
432 1604 540 1677 etiam
577 1610 735 1705 φρέαρ,
764 1618 914 1702 puteus,
950 1608 985 1680 in
1020 1610 1308 1703 comparatione

103 1735 292 1810 invenitur.
334 1734 394 1808 Sic
421 1760 509 1830 pag.
536 1756 607 1826 799
628 1735 674 1807 A.
706 1737 1053 1812 administrationem
1073 1738 1306 1834 reipublicae

104 1890 324 1961 comparans
343 1890 426 1938 cum
444 1879 558 1960 puteo
575 1866 792 1940 Plutarchus
811 1868 897 1941 dicit
919 1894 985 1942 eos
1007 1868 1069 1965 qui
1091 1870 1248 1944 fortuito
1268 1886 1313 1945 et

105 1997 152 2069 de
178 1995 375 2091 improviso
402 1995 547 2068 ineam
573 1995 752 2083 incidant,
780 1998 986 2092 perturbari
1007 2024 1051 2072 ac
1071 1999 1306 2094 poenitentia

107 2127 206 2222 capi,
242 2126 304 2223 qui
339 2152 430 2199 vero
466 2125 598 2199 sensim
635 2152 680 2199 eo
714 2129 942 2201 descendant
969 2129 1230 2224 praemeditati
1259 2158 1305 2206 ac

106 2257 335 2353 praeparati,
374 2281 440 2329 eos
475 2270 513 2328 et
545 2255 774 2330 mediocriter
800 2257 912 2344 ferre,
939 2285 1035 2354 quae
1062 2261 1240 2334 eveniant
1268 2277 1307 2335 et

107 2387 207 2460 nulla
235 2412 273 2460 re
301 2386 465 2481 graviter
491 2385 606 2458 affici:
640 2388 710 2458 ἀλλ’
739 2389 852 2486 ὥσπερ
880 2393 925 2468 εἰς
952 2392 1075 2488 φρέαρ,
1102 2394 1216 2487 οἶμαι,
1244 2395 1307 2490 τὴν

107 2520 292 2611 πολιτείαν,
327 2517 401 2595 τοὺς
438 2516 496 2610 μὲν
532 2518 751 2610 ἐμπίπτοντας
787 2518 979 2610 αὐτομάτως
1014 2520 1067 2590 καί
1102 2521 1307 2617 παραλόγως

107 2644 326 2744 ταράττεσθαι
344 2646 397 2716 καί
416 2652 594 2738 μετανοεῖν,
613 2642 686 2722 τοὺς
709 2644 744 2714 δὲ
763 2644 1014 2744 καταβαίνοντας
1034 2649 1070 2716 ἐκ
1087 2658 1307 2746 παρασκευῆς

108 2776 161 2846 καί
187 2775 343 2867 λογισμοῦ
369 2770 443 2842 καθ’
470 2773 631 2868 ἡσυχίαν,
658 2769 805 2867 χρῆσθαι
831 2797 867 2841 τε
889 2780 954 2850 τοῖς
973 2773 1142 2870 πράγμασι
1161 2780 1308 2874 μετρίως

109 2904 162 2974 καί
187 2905 268 2999 πρὸς
297 2901 399 2997 μηδὲν
427 2900 655 2971 δυσκολαίνειν.

162 3031 253 3124 Pag.
296 3035 343 3102 68
386 3030 425 3099 B.
466 3027 632 3098 alludens
672 3027 722 3098 ad
761 3028 995 3121 proverbium
1037 3030 1174 3110 Λύκος
1203 3036 1310 3134 περί

111 3162 236 3257 φρέαρ
255 3158 432 3256 χορεύει,
452 3157 513 3255 (de
528 3182 602 3252 quo
617 3156 701 3228 vide
716 3158 852 3229 Zenob.
868 3158 926 3241 IV,
948 3158 1223 3254 100.Di0g.VI.
1243 3163 1311 3263 21)

111 3312 177 3360 eos
205 3287 265 3383 qui
292 3286 399 3358 nimia
425 3287 626 3359 acerbitate
655 3285 792 3359 amicos
819 3301 990 3381 potentes
1013 3290 1311 3383 reprehendant,

112 3417 179 3490 sibi
218 3417 304 3512 ipsis
345 3416 491 3488 exitium
533 3417 696 3488 conflare
744 3415 847 3501 dicit,
893 3429 1080 3512 tamquam
1125 3420 1311 3498 saltantes

114 3547 248 3620 circum
276 3562 437 3642 puteum.
466 3545 571 3618 Putei
598 3544 692 3618 enim
712 3571 833 3641 neque
853 3548 1044 3619 obstructa
1063 3573 1129 3620 ora
1147 3550 1311 3641 habent,

114 3703 235 3774 neque
263 3676 466 3771 crepidines
493 3676 616 3771 paullo
645 3675 751 3747 altius
778 3690 1048 3770 exaggerataS,
1068 3703 1187 3774 neque
1208 3683 1312 3755 deni-

114 3834 187 3904 que
215 3807 414 3904 quidquam
430 3820 504 3893 est,
520 3807 621 3902 quod
634 3805 825 3900 impediat,
841 3831 887 3877 ne
902 3806 981 3900 quis
995 3807 1029 3877 in
1045 3832 1111 3879 eos
1125 3807 1312 3887 incautior

115 3938 340 4033 prolabatur.
405 3935 443 4008 Si
482 3935 543 4031 qui
584 3959 678 4029 ergo
721 3934 817 4007 circa
859 3960 924 4007 eos
970 3937 1125 4009 choreas
1166 3959 1309 4033 agant,

116 4092 291 4162 magnum
332 4067 470 4139 adeunt
509 4065 728 4160 periculum,
769 4091 830 4150 ne,
872 4067 958 4137 dum
998 4068 1312 4161 progrediuntur,

116 4197 392 4292 regrediuntur,
434 4220 569 4290 corpus
610 4194 645 4265 in
687 4197 815 4267 orbern
856 4207 1025 4279 movent,
1062 4196 1243 4287 saltitant,
1273 4204 1309 4276 in

115 4342 266 4424 puteum
303 4326 443 4422 delapsi
479 4338 710 4420 mergantur:
748 4324 794 4395 Tb
826 4331 967 4395 τοιοῦτον
1001 4325 1085 4403 εἶδος
1113 4326 1199 4424 (scil,
1226 4360 1313 4434 παρ.
