2834 4964
704 235 748 303 72

124 417 337 492 deliberanti
364 420 411 493 de
437 417 621 514 triangulo
634 477 642 505 ,
656 444 704 493 an
731 435 805 494 tres
832 420 909 494 eius
936 422 1064 517 anguli
1077 425 1172 497 duos
1192 439 1328 499 rectos

126 563 288 644 aequent
322 574 457 622 necne:
493 551 647 648 καθάπερ
684 554 910 650 ὁγευμέτρης
945 555 982 624 οδ
1015 555 1210 655 βουλεύεται
1245 559 1328 656 περὶ

127 687 184 751 τοῦ
219 680 398 777 τριγώνου,
435 682 464 750 εἰ
500 680 587 750 δυεῖν
625 679 740 777 ὀρθαῖς
773 682 846 759 ’ίσας
873 681 946 776 ἔχει
972 681 1031 762 τὰς
1058 685 1150 762 έντδς
1176 687 1329 779 γωνίας,

127 807 199 880 ἀλλ’
226 809 311 879 οἶδεν
347 806 398 900 (αἱ
432 807 492 905 γὰρ
513 807 636 908 Δβουλαὶ
671 807 747 904 περὶ
782 815 849 878 τῶν
878 803 989 880 ἄλλοτ’
1024 810 1134 891 ἄλλως
1162 812 1328 908 ἐχόντων,

128 938 165 1007 οδ
192 937 266 1033 περί
292 943 359 1007 τῶν
388 935 531 1037 βεβαίων
559 935 615 1013 καὶ
642 934 920 1030 ἀμεταπτώτων)·
949 939 1052 1016 οὕτως
1074 942 1091 1008 ὁ
1112 939 1328 1037 θεωρητικὸς

127 1071 212 1158 νοῦς,
248 1064 323 1162 περὶ
354 1064 396 1136 τὰ
431 1071 549 1162 πρῶτα
575 1064 629 1135 καὶ
657 1064 777 1157 μόνιμα
804 1065 857 1137 καί
885 1067 962 1159 μίαν
990 1066 1043 1136 ἀεὶ
1069 1065 1166 1163 φύσιν
1194 1069 1327 1164 ἔχοντα

130 1195 176 1288 μὴ
197 1193 382 1289 δεχομένην
402 1191 588 1293 μεταβολὰς
607 1194 762 1289 ἐνεργῶν,
782 1192 995 1289 ἀπήλλακται
1013 1200 1070 1264 τοῦ
1086 1195 1328 1295 βουλεύεσθαι.

233 1473 251 1571 ῥ
286 1499 339 1546 12.
394 1475 669 1546 METAPHORAE
696 1497 724 1544 A
751 1498 1000 1547 MERCATURA
1027 1499 1217 1548 suumn.

183 1727 247 1798 Ad
281 1727 352 1798 hoc
388 1749 509 1820 genus
543 1724 820 1798 translationum
847 1725 1002 1821 primum
1034 1726 1215 1800 referendi
1243 1743 1334 1802 sunt

131 1857 220 1942 loci,
248 1855 310 1928 ubi
336 1855 519 1927 vocabula
538 1858 592 1926 ὧν
605 1883 686 1949 ιυς,
707 1856 863 1948 venant,
882 1868 920 1928 et
940 1858 1181 1951 ὠνεῖσθαι,
1197 1885 1332 1948 emere,

130 1986 270 2082 tropice
298 1999 476 2081 usurpata
504 1999 708 2058 occurrunt.

185 2117 245 2190 Sic
272 2141 359 2211 pag.
393 2137 459 2208 135
477 2116 517 2186 B.
546 2113 716 2209 legimus:
746 2118 782 2187 οίι
810 2115 870 2214 γὰρ
898 2118 1011 2215 ἀργίας
1038 2118 1135 2187 ὤνιον
1163 2120 1186 2212 ἡ
1221 2119 1333 2213 ὑγίεια

132 2249 185 2320 καλ
212 2249 383 2345 ἀπραξίας.
412 2245 464 2318 Cs.
492 2268 579 2340 pag.
609 2250 682 2334 326
712 2244 763 2330 E,
791 2249 863 2336 465
896 2242 934 2316 C.
989 2243 1206 2339 Exemplum
1221 2246 1333 2318 verbi

133 2379 294 2450 ὠνεῖσθαι
322 2373 569 2470 metaphorice
596 2374 702 2469 positi
728 2374 907 2447 habemus
934 2398 1021 2469 pag.
1054 2395 1121 2463 711
1153 2375 1218 2445 A.:
1241 2377 1333 2473 μήτε

132 2507 283 2604 δαπάνης
322 2508 469 2601 πολλῆς,
512 2505 598 2602 μήτε
638 2513 704 2577 τῶν
740 2508 820 2603 πρδς
856 2505 941 2576 ἄλλα
982 2507 1157 2602 χρησίμων
1198 2514 1330 2603 καιρῶν

133 2636 293 2707 ὠνεῖσθαι
321 2637 358 2705 τδ
387 2633 561 2729 ῥᾳθυμεῖν.

184 2765 224 2835 In
252 2762 324 2835 vita
361 2760 461 2833 Bruti
488 2785 518 2833 c.
549 2784 593 2850 23
624 2786 658 2856 p.
687 2785 760 2851 994
790 2762 836 2832 D.
871 2760 996 2856 imago
1024 2760 1245 2856 deprompta
1272 2776 1334 2834 est

135 2897 184 2967 ab
220 2891 390 2965 auctione
418 2889 582 2985 publica:
620 2893 727 2962 ὠνίων
756 2900 822 2963 τῶν
851 2891 1093 2989 στρατοπέδων,
1121 2891 1236 2988 ὥσπερ
1265 2893 1333 2962 ὑπδ

133 3026 250 3122 κήρυκι
277 3022 544 3121 πρυςτιθεμένων
571 3029 621 3117 τῷ
647 3021 747 3091 πλέον
776 3020 906 3090 δίδυντι.

188 3149 400 3225 Crebriores
427 3162 511 3221 sunt
537 3147 625 3237 loci,
654 3146 717 3220 ubi
744 3148 1041 3241 aponderatz‘one
1060 3158 1187 3218 noster
1204 3145 1338 3240 petivit

136 3282 377 3387 metaphoras.

185 3409 337 3505 Ῥέπειν,
366 3434 524 3504 vergere,
552 3408 653 3502 quod
671 3406 818 3502 proprie
837 3408 883 3479 de
902 3407 1008 3478 lance
1028 3405 1170 3494 dicitur,
1195 3407 1331 3479 eadem

136 3538 372 3613 translatione
410 3552 522 3634 atque
559 3537 659 3633 apud
695 3536 858 3633 tragicos
894 3550 932 3608 et
959 3535 1119 3609 comicos
1148 3534 1208 3632 (cf.
1236 3562 1270 3607 v.
1303 3562 1335 3609 c.

136 3671 273 3744 Aesch.
301 3669 401 3765 Sept.
433 3692 489 3740 21.
517 3669 616 3740 Pers.
644 3690 730 3757 432.
759 3666 923 3761 Chooph.
954 3672 1037 3756 238.
1066 3665 1179 3760 Soph.
1202 3663 1335 3761 Antig.

15 3838 17 3921 γ
140 3808 221 3892 718.
272 3798 460 3893 Aristoph.
509 3797 602 3869 Plut.
655 3796 718 3893 51)
768 3796 869 3891 apud
913 3794 1148 3867 Plutarchum
1193 3792 1334 3887 passim

15 3954 17 3961 ·
137 3931 293 4027 positum
328 3927 506 4014 invenieS,
542 3952 575 4001 v.
613 3952 642 4000 c.
680 3951 766 4022 pag.
806 3950 851 4018 95
891 3927 949 3996 B.:
986 3924 1162 4021 αἱρέσεις
1190 3924 1248 3994 οὐκ
1276 3925 1336 3995 ἐπὶ

137 4063 240 4134 ταύτὰ
267 4064 439 4160 ῥέπουσιν,
466 4083 553 4153 pag.
583 4078 654 4148 372
676 4057 730 4127 F.:
755 4053 834 4137 Ἴσις
862 4059 1006 4153 ῥέπουσα
1033 4048 1113 4150 πρὸς
1131 4047 1168 4123 τὸ
1187 4052 1335 4152 βέλτιον,

139 4214 216 4284 pag
251 4210 325 4279 447
346 4188 402 4258 F.:
440 4191 532 4287 ῥέπει
568 4188 628 4285 γὰρ
665 4186 798 4257 εὐθεῖαν
828 4186 931 4282 ῥοπὴν
959 4187 975 4253 ὁ
1004 4181 1140 4277 ἀπαθὴς
1176 4176 1335 4274 λυγισμδς

141 4320 197 4390 ἐπὶ
225 4316 262 4390 τι)
289 4320 421 4389 δίκαιον.
