2834 4964
139 1899 352 1972 Academiae
379 1899 622 1972 valedicturus
650 1901 889 1972 lubentissime
915 1900 1007 1971 lianc
1028 1902 1170 1993 arripio
1189 1926 1277 1970 acca-

86 2051 233 2133 siamm,
270 2056 314 2120 ut
342 2051 451 2144 grati
483 2051 603 2119 animi
623 2049 777 2144 fungar
812 2047 930 2141 officia
965 2072 1050 2143 erga
1087 2071 1163 2132 vas,
1201 2049 1280 2117 viri

14 2213 16 2217 ’
87 2197 300 2282 clarissimi,
328 2223 482 2292 quarum
509 2200 649 2293 egregia
678 2198 904 2268 institutione
930 2221 1016 2267 usus
1041 2220 1130 2266 sum.

139 2344 239 2415 Ante
264 2371 381 2418 amnes
403 2344 454 2416 acl
469 2355 501 2416 te
518 2372 572 2416 me
589 2343 768 2430 aincurte,
782 2352 972 2439 promotor
986 2343 1275 2424 honoratissime,

87 2493 284 2565 clarissime
309 2516 393 2565 VAN
420 2493 699 2565 HERWERDEN!
746 2493 870 2564 Mente
891 2519 969 2563 cum
992 2491 1151 2577 revelaa,
1175 2499 1277 2585 quat,

87 2668 166 2713 cum
195 2653 266 2736 per
300 2668 401 2714 amne
436 2642 536 2714 illua'
568 2605 721 2737 tempus,
759 2642 855 2736 qued
884 2645 923 2711 iu
952 2641 1017 2712 lcac
1043 2642 1307 2718 universitate¹

40 2781 42 2787 Α
88 2800 250 2862 uersatus
276 2818 375 2877 sum,
404 2800 481 2878 tum
508 2792 547 2864 in
574 2793 641 2866 lcac
665 2790 914 2862 dissertatcane
931 2786 1194 2873 conscribenda,
1210 2815 1232 2858 a
1247 2797 1279 2858 te

87 2942 274 3045 acceperim
311 2941 567 3013 benevolentiae
598 2943 806 3035 specimina,
837 2937 1005 3034 quamodo
1033 2941 1178 3009 manitis
1205 2941 1279 3008 tuis

90 3113 143 3158 me
178 3088 356 3160 adiuvare
389 3099 524 3184 semper
552 3098 712 3184 paratus
726 3089 873 3184 fueris,
899 3113 1057 3160 summas
1075 3090 1154 3159 >cibi
1177 3113 1280 3184 agere

82 3238 228 3332 gratias
255 3236 350 3307 milei
375 3246 425 3308 est
451 3238 589 3334 religia.
627 3236 847 3309 Persuasum
876 3238 945 3308 tibi
968 3236 1089 3308 lcabeta
1109 3260 1279 3308 menum-

89 3409 197 3478 quam
233 3385 433 3456 obliturum
469 3412 553 3477 esse,
591 3393 769 3480 quantum
805 3388 947 3480 optimis
983 3387 1057 3456 tuis
1082 3387 1280 3479 praeceptis

88 3529 234 3603 debeam.

147 3678 202 3751 Tu
229 3705 381 3774 quaque,
409 3680 606 3751 clarissime
632 3680 809 3768 WIJNNE‚
828 3683 984 3751 sinceras
1006 3683 1117 3775 accipe
1134 3682 1280 3775 gratias

80 3837 152 3920 pra
178 3827 382 3922 singulari,
414 3854 487 3922 qua
515 3854 569 3899 me
593 3840 727 3924 semper
738 3837 947 3923 prosecutus
969 3856 1020 3912 es,
1043 3829 1280 3899 benevelentia

47 3971 48 3975 ’
88 4000 147 4044 nec
174 4001 244 4045 nau
265 3985 337 4069 pra
359 3979 509 4072 egregiis
532 3979 606 4048 tuis
629 3977 850 4062 lectimibus,
866 3979 993 4071 quibus
1007 4002 1060 4048 me
1074 3975 1281 4070 interfuisse

56 4128 61 4141 “
88 4132 224 4216 semper
245 4122 411 4218 gaudela.

140 4271 215 4342 Nec
242 4274 382 4356 minus,
409 4271 531 4344 studia
552 4298 635 4370 mea
662 4270 873 4343 Acaa'emica
895 4274 1096 4366 respiciens,
1117 4273 1200 4357 tibi,
1216 4275 1282 4367 qui

89 4445 186 4490 nuuc
219 4446 253 4489 es
288 4419 379 4491 rude
414 4420 584 4505 danatus,
613 4445 666 4490 me
692 4421 898 4492 obstrictum
925 4423 1054 4512 sentia,
1084 4419 1280 4491 uenerande
