2866 5040
679 285 744 333 111

99 492 257 540 armore
286 468 475 554 commoti,
502 467 652 563 principi
679 467 895 564 periclitanti
921 495 961 542 se
989 470 1197 566 adiungunt
1220 496 1303 544 cum

99 598 243 693 apibus
283 597 344 693 qui
383 598 521 693 philtris
561 598 776 671 alliciuntur.
831 599 885 671 At
922 599 1003 672 mihi
1038 600 1122 673 nihil
1159 603 1205 674 de
1246 601 1309 674 tali

103 753 224 824 apum
251 753 352 801 more
377 728 566 823 cognitum
583 753 585 758 ’
603 743 661 802 est
687 754 756 801 nec
784 728 983 825 quidquam
1016 756 1171 826 usquam
1204 757 1307 827 repe·
1412 773 1416 781 ·

100 858 178 931 rire
211 858 331 954 potui,
374 860 475 954 quod
512 859 606 932 hanc
635 859 821 932 Plutarchi
856 860 1073 933 sententiam
1101 864 1303 934 confirmet.
1388 925 1392 933 .

106 990 241 1085 ltaque
278 988 359 1061 mihi
394 1014 611 1084 persuasum
632 1004 691 1062 est
713 975 899 1062 vocabula
927 994 1041 1090 ὥσπερ
1069 995 1131 1063 ὑπὸ
1159 995 1304 1092 φιλτρων

106 1122 259 1217 μέλιτται
287 1120 372 1192 vitio
399 1121 570 1193 laborare
599 1134 636 1192 et
662 1119 879 1193 sententiam
907 1120 1096 1215 postulare
1114 1121 1228 1220 ὥσπερ
1248 1123 1303 1194 ὑπ’

109 1248 239 1322 ἀνθέων
267 1251 416 1347 μέλιτται
444 1264 509 1322 aut
536 1251 609 1323 tale
638 1250 734 1346 quid.

163 1381 244 1452 Rex
283 1393 392 1476 apum
432 1379 467 1451 in
509 1381 784 1476 comparatione
823 1380 984 1455 occurrit
1015 1404 1102 1476 pag.
1119 1386 1204 1477 >813
1236 1381 1304 1466 D.,

110 1509 173 1583 ubi
199 1509 285 1585 dicit
311 1509 467 1607 scriptor
496 1511 637 1584 civilem
665 1511 782 1584 virum
805 1525 960 1584 naturae
995 1511 1136 1583 ratione
1160 1535 1306 1606 semper

111 1666 192 1713 esse
220 1640 420 1736 principem
448 1640 620 1723 civitatis,
650 1641 744 1714 sicut
758 1667 888 1737 regem
901 1641 995 1714 inter
1009 1666 1118 1736 apes:
1134 1643 1231 1738 φύσει
1248 1643 1306 1736 μὲν
1406 1619 1408 1626 ⁸

112 1772 165 1843 οὖν
195 1772 306 1870 άρχων
333 1772 385 1842 ἀεὶ
411 1773 540 1874 πολεως
568 1777 585 1842 ὁ
611 1774 778 1853 πολιτικὸς
797 1774 910 1871 ὥσπερ
930 1775 1066 1869 ἡγεμὼν
1081 1776 1115 1844 έν
1131 1773 1306 1867 μελίτταις.

162 1900 279 1972 Porro
321 1899 618 1995 comparationes
659 1903 707 1973 ab
749 1899 880 1995 apibus
907 1901 1042 1972 ductae
1074 1898 1306 1973 inveniuntur

112 2054 199 2125 pag.
230 2052 276 2121 79
306 2029 364 2117 C„
394 2053 444 2121 3ο
472 2031 532 2117 D,
561 2055 607 2121 32
638 2031 690 2117 E,
722 2037 792 2124 765
822 2031 879 2117 D,
913 2036 982 2120 138
1012 2031 1058 2102 D.

165 2161 361 2259 Σρῆκες,
403 2172 529 2255 vespae.
570 2162 662 2255 Pag.
692 2167 740 2252 96
778 2163 817 2232 B.
845 2160 1011 2233 alludens
1039 2161 1087 2231 ad
1115 2160 1304 2232 oraculum

112 2290 289 2364 Timesiae
319 2290 571 2376 Clazomeni0‚
587 2291 765 2364 Abderae
782 2289 978 2377 conditori,
999 2292 1143 2362 datum:
1170 2299 1306 2387 ,σμῆνα

113 2423 299 2515 μελισσάων
334 2422 421 2519 τάχα
456 2449 505 2493 τοι
532 2423 584 2494 κοιλ
611 2429 737 2519 σφῆκες
764 2422 914 2494 ἔσονται”
953 2420 1040 2493 dicit
1067 2420 1304 2493 Plutarchus:

112 2549 213 2630 οὕτως
254 2556 285 2622 οἱ
324 2553 429 2647 φίλων
467 2553 639 2648 ζητοῦντες
674 2554 774 2646 ἐσμὸν
810 2552 931 2623 ἔλαθον
974 2552 1107 2651 ἐχθρῶν
1147 2559 1305 2649 σφηκιαῖς

111 2681 357 2778 περιπεσόντες,
384 2678 404 2750 i.
433 2705 463 2752 6.
493 2679 693 2752 amicorum
719 2706 878 2776 gregem
902 2694 1142 2776 quaerentes,
1170 2678 1306 2752 incauti

112 2806 144 2878 in
172 2807 358 2896 examina,
396 2823 584 2905 tamquam
621 2835 836 2905 vesparum,
871 2809 922 2883 sic
958 2810 1181 2883 inimicorum
1220 2809 1305 2882 inci-

113 2938 218 3011 dunt:
268 2939 319 3012 cf.
346 2964 436 3035 pag.
466 2946 537 3031 461
571 2941 616 3012 A.

114 3094 116 3101 ·
160 3066 197 3141 Μ
207 3078 320 3165 οἶαι,
357 3097 501 3142 muscae.
555 3072 647 3165 Pag.
686 3092 759 3161 473
791 3072 830 3142 E.
865 3070 1030 3143 homines
1067 3071 1147 3167 qui,
1185 3095 1304 3143 rerum

111 3196 351 3273 iucundarum
388 3200 506 3288 obliti,
544 3203 719 3274 molestas
755 3226 902 3296 semper
939 3203 1191 3283 recordantur,
1222 3185 1323 3273 cum

110 3329 241 3402 muscis
282 3330 441 3420 confert,
479 3331 514 3402 in
551 3332 711 3426 speculis
738 3332 784 3403 de
812 3330 883 3403 levi
909 3331 1104 3426 superficie
1132 3332 1306 3403 delaben-

108 3459 204 3534 tibus
233 3459 487 3555 asperitatibus
506 3475 629 3532 autem
647 3487 694 3533 ac
709 3460 845 3534 fissuris
859 3460 1149 3534 inhaerentibus:
1178 3465 1305 3535 κάκεῖνο

105 3592 234 3682 μᾶλλον
262 3589 348 3687 (scil.
376 3594 436 3688 τὴν
465 3591 624 3686 εὐθυμίαν
643 3589 887 3690 ἐπιταράσσει),
907 3592 1007 3686 ὅταν,
1027 3594 1140 3689 ὥσπερ
1158 3597 1193 3663 αἱ
1212 3599 1303 3686 μυῖαι

100 3730 171 3791 τῶν
208 3722 307 3791 λείων
339 3721 447 3791 τόπων
482 3723 517 3790 ἐν
545 3729 611 3799 τοῖς
641 3722 834 3819 κατόπτροις
862 3721 1140 3814 ἀπολισθάνουσι,
1168 3729 1237 3799 ταῖς
1267 3721 1303 3791 δὲ

98 3849 290 3949 τραχύτησι
318 3852 531 3949 προςέχονται
558 3850 610 3920 καλ
636 3858 709 3928 ταῖς
737 3851 901 3946 ἀμυχαῖς,
925 3848 1027 3929 οὕτως
1046 3850 1218 3947 ἅνθρωποι
1237 3858 1303 3919 τῶν

99 3978 232 4074 ἱλαρῶν
281 3979 336 4048 καὶ
383 3986 554 4076 προςηνῶν
601 3979 815 4075 ἀπορρέοντες
856 3979 1082 4072 ἐμπλέκωνται
1121 3985 1192 4056 ταῖς
1233 3985 1299 4048 τῶν

98 4099 223 4202 ἀηδῶν
250 4106 465 4203 ἀναμνήσεσι.

162 4231 423 4332 Κάνθαρος,
463 4185 671 4304 cantharus.
700 4234 792 4327 Pag.
824 4254 897 4323 710
924 4233 964 4303 Ε.
992 4231 1021 4304 is
1048 4231 1111 4327 qui
1137 4231 1302 4305 innoxias

98 4361 256 4434 omnino
284 4362 493 4458 voluptates
520 4361 751 4435 abominatur
778 4388 861 4435 cum
888 4362 1081 4447 cantharo,
1109 4375 1301 4456 unguenta
