2834 4964
658 281 704 352 95

108 475 259 570 διψῶντας,
297 469 358 565 οὐχ
386 468 501 546 ἁπλῶς
529 470 566 539 τδ
593 466 741 565 χρῆσθαι
767 467 891 546 τούτοις
919 469 1166 566 ἀπηγόρευσεν,
1195 468 1280 538 ἀλλὰ

109 595 229 699 χρῆσθαι
266 596 439 691 δεομένους
474 596 624 666 ἐδίδασκε
650 596 704 667 καί
730 598 767 666 τδ
794 595 857 692 ήδύ
884 597 1143 675 κατατάττοντας
1172 597 1281 667 αὐτῶν

110 733 144 807 εἰς
173 727 204 797 th
238 725 428 819 ἀναγκαῖον,
466 724 579 822 ὥσπερ
616 728 646 793 οἱ
683 723 724 794 τά
759 723 905 821 θεωρικὰ
940 730 1107 803 ποιοῦντες
1142 727 1176 794 ἐν
1212 732 1282 803 ταῖς

110 881 202 927 ποιεσι
225 852 455 950 στρατιωτικά.

150 982 317 1076 Spectant
353 1004 399 1051 ea
434 981 552 1053 verba
588 980 637 1051 ad
673 979 857 1052 civitatem
894 978 1191 1065 Atheniensium,
1220 977 1283 1050 ubi

112 1110 358 1183 Demosthenes
395 1109 500 1182 brevi
533 1123 700 1204 tempore
735 1123 822 1181 ante
849 1134 1016 1204 pugnam
1044 1110 1093 1181 ad
1122 1109 1283 1182 Chaero-

114 1265 195 1313 neam
227 1239 366 1312 factam
398 1239 625 1335 impetravit,
661 1253 702 1311 ut
730 1264 753 1311 a
781 1239 921 1311 Pericle
949 1238 1111 1312 instituta
1138 1239 1283 1339 θεωρικά

114 1370 140 1442 in
170 1395 265 1442 usum
302 1369 489 1443 militarem
532 1383 847 1442 converterentur.
890 1368 941 1442 Cf.
970 1368 1004 1440 in
1033 1368 1108 1442 vita
1134 1367 1282 1441 Periclis

117 1524 138 1572 c.
160 1523 177 1591 9
200 1525 284 1597 pag.
320 1506 389 1593 156
419 1501 477 1586 E„
511 1521 578 1593 157
609 1499 675 1585 Α.,
702 1499 737 1570 in
767 1498 842 1572 vita
870 1498 1039 1573 Aristidis
1068 1523 1098 1572 c.
1125 1523 1171 1590 24
1193 1523 1283 1593 pag.

119 1635 181 1720 383.
207 1631 244 1702 Ε.
301 1631 486 1726 Harpocr.
513 1630 548 1701 in
576 1654 670 1702 voce
699 1632 869 1729 θεωρικόν.

153 1768 227 1864 Pag.
257 1775 328 1842 128
344 1770 382 1840 F.
399 1767 609 1855 cruditates,
624 1782 749 1841 aestus
764 1782 1020 1864 torporesque,
1042 1793 1139 1864 quae
1155 1767 1282 1839 febrim

117 1895 327 1973 inminentem
355 1898 538 1985 nuntiant,
561 1899 780 1971 Plutarchus
792 1912 986 1993 comparat
1001 1923 1085 1971 cum
1100 1895 1231 1969 nuntiis
1247 1910 1284 1969 et

119 2029 385 2123 apparatoribus
412 2044 548 2102 metum
576 2028 780 2102 vocationis
806 2028 841 2100 in
869 2028 924 2101 ius
951 2027 1207 2101 iniicientibus:
1236 2029 1288 2100 δεῖ

120 2159 153 2254 μή
180 2164 355 2259 περιμένειν
391 2161 534 2257 ἀπεψίας
570 2160 624 2230 καί
659 2160 823 2257 διαρροίας
861 2160 947 2256 μηδέ
985 2160 1168 2257 θερμασίας
1196 2158 1283 2254 μηδὲ

118 2286 223 2383 νάρκας,
259 2287 313 2385 ὑφ’
341 2293 387 2359 ὧν
413 2290 492 2359 ’ἔνιοι
521 2288 613 2382 μόλις
642 2289 755 2386 ὥσπερ
783 2287 836 2357 ὑπ’
865 2288 1012 2382 ἀγγέλων
1039 2290 1061 2384 ή
1094 2288 1283 2384 κλητόρων,

119 2424 229 2511 πυρετοῦ
263 2418 338 2515 περὶ
374 2416 477 2515 θύρας
513 2416 603 2495 ’όντος
643 2415 733 2513 ήδη,
774 2415 1011 2516 θορυβούμενοι
1051 2417 1281 2486 συστέλλουσιν

120 2544 232 2624 ἑαυτούς.
259 2544 310 2618 Cf.
339 2568 427 2640 pag.
463 2566 531 2634 127
549 2545 614 2615 D.:
644 2551 679 2616 αἱ
704 2546 856 2617 πλεῖσται
883 2542 972 2640 (scil.
1000 2541 1102 2638 νόσοι)
1129 2544 1282 2639 καθάπερ

117 2677 303 2771 προαγγέλους
331 2677 385 2749 καί
412 2676 616 2774 προδρόμους
644 2675 697 2745 καί
724 2675 868 2772 κήρυκας
898 2677 1030 2771 ἑχουσιν
1059 2675 1201 2769 ἀπεψίας
1229 2672 1283 2743 καί

120 2799 305 2900 δυσκινησίας.

154 2929 597 3029 Γραμματοφυλακεῖον,
628 2932 871 3017 tabellarium,
891 2929 1140 3024 metaphorice
1155 2941 1281 3000 noster

117 3057 236 3132 adhibet
262 3085 350 3156 pag.
382 3082 457 3153 520
484 3062 540 3143 B„
565 3061 628 3132 ubi
656 3060 867 3133 memoriam
891 3085 1018 3132 eorum
1038 3059 1187 3155 quinon
1203 3083 1281 3131 car-

116 3185 220 3261 minum
259 3189 393 3263 curiosi
433 3204 536 3274 sunt,
579 3192 645 3264 sed
685 3191 838 3292 vitarum
882 3190 1008 3284 lapsus
1048 3203 1085 3262 et
1126 3190 1282 3261 mendas

114 3316 281 3414 colligunt,
332 3319 568 3393 iniucundum
619 3322 797 3393 malorum
848 3319 1037 3393 archivum
1076 3333 1207 3392 vocat:
1252 3327 1283 3392 οἱ

114 3449 194 3519 τοίνυν
225 3452 496 3549 πολυπράγμονες
530 3453 566 3523 ού
594 3455 716 3549 στίχων
743 3453 818 3524 οὐδὲ
844 3452 1060 3548 ποιημάτων,
1088 3451 1173 3522 ἀλλὰ
1201 3451 1278 3551 βίων

81 3677 84 3682 Ι
113 3575 306 3676 ἀστοχήματα
333 3581 386 3650 καί
412 3581 689 3677 πλημμελήματα
715 3582 768 3651 καὶ
796 3580 1020 3674 σολοικισμοὺς
1047 3581 1279 3674 ἀναλεγόμενοι

112 3703 156 3772 καὶ
169 3708 369 3803 συνάγοντες,
394 3709 616 3803 ἀμουσότατον
634 3709 687 3780 καί
706 3710 948 3807 ἀτερπέστατον
966 3718 1074 3779 κακῶν
1093 3733 1280 3806 γραμματο-

111 3832 262 3926 φυλακεῖον
288 3837 349 3932 τὴν
377 3839 505 3907 ἑαυτῶν
535 3837 670 3933 μνήμην
698 3839 939 3935 περιφέρουσιν.

151 3966 214 4041 lam
251 3985 483 4044 transeamus
525 3973 573 4044 ad
614 3974 909 4044 z‘urzlrdz'ctz'onem.
981 3973 1019 4043 ln
1061 3971 1135 4044 vita
1175 3971 1280 4043 Arati

107 4120 133 4168 c.
158 4104 198 4188 38
223 4126 310 4197 pag.
341 4123 434 4194 1045
455 4101 493 4175 C.
522 4102 609 4175 dicit
633 4102 867 4175 Cleomenem
890 4127 913 4174 a
934 4103 1144 4198 Phylarcho
1159 4127 1277 4174 rerum

106 4226 263 4324 scriptore
300 4230 436 4327 ubique
475 4232 639 4319 defendi,
677 4233 835 4305 Aratum
872 4232 1040 4304 accusari
1066 4231 1100 4302 in
1133 4231 1280 4304 historia

106 4371 276 4456 tamquam
302 4361 337 4469 in
364 4361 515 4436 iudicio:
545 4365 700 4460 ἐνθουσιᾷ
728 4363 788 4462 γάρ
821 4361 907 4460 (scil.
936 4369 952 4434 ὁ
985 4362 1170 4461 Φύλαρχος)
1203 4364 1280 4434 όταν
