2834 4964
689 256 734 342 85

106 454 328 535 Offendit
355 456 580 529 vocabulum
608 456 865 554 συνήθειαν.
900 457 1168 552 Exspectamus
1187 456 1307 551 potius

89 587 352 672 >sabulum
380 586 482 682 quod
508 587 791 671 cohaerentiam,
815 591 1094 659 eooi'unctrimem
1114 586 1306 681 significat.

90 741 239 816 aque
267 715 579 812 Wyttenbachius
601 715 795 811 proposuit
814 721 1043 815 συνέχειαν,
1062 716 1308 790 Bernardakis

95 884 123 928 υ
138 880 172 922 ν
191 848 365 944 άμειαν.
419 845 490 937 Qui
516 845 673 919 retinent
699 845 956 942 συνήθειαν,
984 846 1185 941 explicant,
1204 860 1245 919 ut
1263 846 1308 919 sit

89 978 284 1060 irretitus
312 1002 402 1071 quae
419 1002 462 1047 ex
478 976 730 1047 consuetudine
746 978 895 1047 exsistit.
925 976 979 1048 At
997 974 1155 1049 dubitari
1173 991 1306 1072 potest,

89 1131 197 1186 ium
225 1104 376 1199 linguae
403 1105 495 1178 ratio
523 1130 606 1178 eam
632 1104 971 1201 interpretationem
1000 1107 1177 1179 admittat.

140 1239 253 1330 Pag.
298 1255 371 1328 549
413 1234 455 1307 E.
497 1234 752 1332 disputationis
792 1250 1053 1330 argumentum
1090 1262 1173 1310 eum
1210 1262 1306 1309 nave

89 1379 322 1460 comparat,
343 1387 440 1461 quae
459 1368 610 1439 fluctum
629 1368 875 1439 decumanum
894 1365 1071 1439 sustinere
1091 1392 1163 1440 non
1184 1381 1308 1462 potest

97 1520 234 1593 eoque
270 1495 452 1568 obruitur:
489 1499 521 1568 τί
555 1496 615 1595 γὰρ
651 1499 703 1569 δεῖ
735 1500 771 1568 th
797 1499 901 1594 τρίτον
930 1499 1112 1593 ἐπενεγκεῖν
1141 1505 1227 1593 κῦμα
1254 1500 1306 1569 καὶ

100 1625 390 1727 προςκατακλάσαι
428 1630 482 1698 τδν
522 1628 637 1722 λόγον,
673 1630 702 1697 εῖ
737 1627 777 1696 τὰ
813 1634 930 1723 πρῶτοι
966 1627 1014 1722 μὴ
1051 1627 1183 1705 δυνατδς
1213 1629 1304 1698 ἔσται

110 1753 296 1827 διώσασθαι
324 1755 403 1852 μηδ’
431 1757 610 1851 ἀποφυγεῖν
638 1755 841 1851 ἐγκλήματα.

164 1881 309 1955 Tertius
346 1882 499 1980 quisque
536 1885 669 1955 fluctus
707 1882 861 1955 Graecis
898 1883 1012 1955 maior
1048 1882 1244 1956 videbatur
1271 1896 1309 1956 et

126 2011 351 2107 periculosior
392 2013 547 2086 navibus
574 2037 685 2109 quam
713 2014 789 2085 duo
816 2015 1103 2108 praecedentes
1132 2012 1308 2085 Romanis

132 2141 282 2216 decimus.
338 2142 447 2215 Unde
476 2144 576 2238 apud
605 2144 795 2215 Romanos
811 2146 953 2239 flnctus
979 2144 1202 2215 decumanus.
1254 2142 1306 2216 Cf.

135 2270 209 2342 Plat.
232 2272 322 2368 Rep.
350 2279 424 2366 465
455 2275 512 2356 D.‚
532 2273 668 2345 Aesch.
687 2273 871 2345 Prometh.
896 2294 990 2363 1017
1011 2276 1160 2372 τρικυμία
1178 2283 1306 2369 κακῶν,

141 2399 238 2496 Eurip.
264 2402 415 2498 Hippol.
449 2426 544 2493 1213
574 2417 644 2476 etc.

177 2529 254 2628 Pag.
281 2554 356 2624 319
385 2533 425 2605 F.
450 2533 649 2628 Cleopatra
669 2558 752 2606 cum
771 2535 947 2628 scopulO,
966 2533 1058 2606 infra
1076 2530 1305 2627 superficiem

140 2659 222 2734 naris
244 2663 386 2750 latenti,
406 2678 651 2759 comparatur,
671 2665 719 2736 ad
738 2688 849 2760 quem
868 2663 1053 2736 Antonius
1071 2661 1304 2756 naufragium

141 2786 239 2865 lecerit
270 2807 309 2866 et
344 2793 454 2867 elisus
489 2793 553 2867 sit:
588 2796 663 2892 περί
698 2796 738 2892 ἣν
770 2792 857 2890 (scil.
885 2789 1119 2892 Κλεοπάτραν)
1146 2799 1192 2872 ὡς
1220 2792 1305 2890 ἕρμα

143 2923 232 2994 κατέδυ
256 2922 344 3009 (scil.
371 2921 559 3021 Ἀντώνιος)
586 2926 640 2995 καί
666 2925 851 3024 συνετρίβη.

180 3048 303 3127 Invita
330 3051 438 3126 Arati
465 3077 494 3125 c.
522 3077 567 3143 41
601 3076 688 3148 pag.
723 3059 817 3144 1046
847 3054 893 3124 D.
923 3052 1082 3137 AratuS,
1109 3049 1143 3122 in
1162 3049 1303 3145 patriae

143 3178 273 3268 periculo
310 3182 428 3256 omni
444 3208 510 3278 spe
546 3181 759 3269 destitutus,
801 3182 932 3256 dicitur
966 3182 1124 3254 iactatus
1159 3204 1242 3253 esse
1271 3185 1304 3253 ἐν

141 3306 209 3407 οάλιρ
231 3316 280 3386 καί
306 3313 446 3411 κινδύνῳ
474 3314 588 3411 ὥσπερ
615 3314 670 3384 ἐπὶ
696 3316 850 3409 ναυαγίου
877 3321 938 3410 τῆς
965 3313 1131 3409 πατρίδος.

179 3436 326 3514 Similiter
352 3439 388 3512 in
406 3440 482 3513 vita
502 3440 698 3514 Phocionis
718 3465 749 3513 c.
775 3464 787 3511 1
811 3466 899 3536 pag.
923 3462 991 3531 741
1016 3441 1058 3512 E.
1085 3437 1304 3512 Plutarchus

142 3562 205 3640 deit
225 3570 428 3645 Demadem
455 3570 687 3645 contendisse
715 3570 783 3643 sibi
809 3570 954 3666 ignosci
981 3572 1139 3655 debere,
1167 3568 1195 3641 si
1221 3567 1320 3662 ipso

143 3716 264 3788 gerente
300 3727 378 3776 rem
414 3701 599 3798 publicam
634 3702 921 3776 Atheniensibus
949 3728 1021 3775 non
1051 3699 1171 3773 omnia
1199 3723 1302 3794 pros·

138 3847 205 3917 pere
230 3834 492 3927 procederent;
520 3832 652 3905 etenim
680 3857 721 3905 se
749 3833 982 3905 πολιτεύεσθαι
1008 3832 1049 3903 τὰ
1077 3831 1214 3926 ναυάγια
1241 3837 1300 3926 τῆς

137 3957 247 4042 tollent.
298 3963 347 4034 Et
372 3961 499 4058 paullo
526 3961 672 4035 inferius
700 3960 820 4034 addit:
848 3961 1012 4058 Δημάδης
1031 3962 1127 4038 αὐτδς
1145 3961 1186 4056 ἢν
1205 3958 1300 4029 ναυά-

134 4110 188 4179 γιον
208 4088 305 4172 οὕτως
332 4092 482 4189 ἀσελγῶς
511 4093 634 4192 βιώσας
664 4094 717 4163 καί
743 4091 1031 4185 πολιτευσάμενος.
1086 4085 1139 4159 Cf.
1166 4085 1200 4156 in
1225 4084 1299 4157 vita

133 4214 300 4294 Phocionis
327 4244 357 4293 c.
387 4240 408 4312 3
437 4244 525 4316 pag.
558 4243 628 4312 743
657 4221 704 4293 Α.

171 4346 251 4445 Pag.
289 4355 362 4423 622
405 4351 446 4422 B.
486 4359 715 4448 ναυαγεῖν,
757 4351 999 4444 noiefragium
1030 4354 1161 4433 faeere,
1189 4370 1299 4418 sensu
