2866 5040
663 253 728 301 121

91 437 364 532 Comparantur
391 461 524 531 nempe
552 436 573 509 ii
601 436 663 532 qui
689 437 786 510 initio
811 463 950 533 magno
974 465 1085 513 cursu
1108 442 1157 513 ad
1178 441 1293 536 philo-

93 566 261 662 sophiam
289 568 535 652 contendunt‚
555 567 687 639 deinde
707 568 844 639 nullum
859 570 907 641 ad
922 569 1072 643 meliora
1085 557 1292 665 profectum
1404 597 1406 603 ·

92 701 294 769 sentientes
323 698 454 769 crebro
483 698 692 783 offendunt,
721 699 770 770 ad
798 713 1000 771 extremum
1029 700 1175 773 omnino
1191 701 1291 773 def-

94 826 261 922 tigantur
297 841 335 900 et
362 829 579 922 desperant,
609 852 692 899 cum
720 828 915 915 arundine,
943 829 1098 924 primum
1126 831 1291 903 celeriter

95 982 178 1030 sese
215 957 249 1028 in
286 958 398 1030 altum
436 957 609 1053 erigenti,
634 957 765 1030 deinde
803 959 989 1053 paullatim
1018 960 1218 1032 deficienti:
1248 967 1293 1040 ὡς

93 1088 157 1187 γάρ
191 1093 213 1187 ἡ
250 1096 306 1161 τοῦ
341 1090 491 1184 καλάμου
529 1090 729 1190 βλάστησις,
762 1090 867 1187 ὁρμὴν
895 1091 1019 1186 ἔχουσα
1045 1094 1204 1187 πλείστην
1234 1092 1291 1165 ἀπ’

95 1218 203 1314 ἀρχῆς
230 1221 275 1296 είς
299 1214 407 1314 ’μῆκος
434 1220 557 1312 ὁμαλὸν
586 1219 641 1289 καλ
660 1222 814 1314 συνεχές,
833 1222 870 1290 τό
888 1228 1018 1316 πρῶτον
1038 1223 1072 1290 ἐν
1092 1221 1291 1317 διαστήμασι

95 1345 250 1440 μεγάλοις
283 1348 394 1441 ὀλίγας
421 1346 636 1447 λαμβάνουσα
664 1346 893 1445 προςκροόσεις
920 1349 974 1419 καί
1001 1348 1194 1434 ἀντικοπάς,
1225 1347 1290 1419 εἶθ’

95 1477 163 1544 οἷον
201 1473 254 1544 ὑπ’
291 1474 460 1570 ἄσθματος
496 1476 566 1545 άνιυ
604 1475 643 1546 δι’
671 1477 848 1548 ἀσθένειαν
876 1476 1128 1574 ἀπαγορεύουσα
1155 1479 1290 1556 πολλοῖς

96 1605 261 1698 ἐνίσχεται
294 1604 348 1674 καὶ
374 1612 504 1683 πυκνοῖς
531 1613 597 1683 τοῖς
624 1606 756 1699 γόνασι,
783 1612 839 1676 τοῦ
866 1603 1051 1700 πνεύματος
1079 1606 1209 1701 πληγὰς
1236 1607 1291 1677 καί

94 1732 233 1829 τρόμους
269 1732 512 1832 λαμβάνοντος,
549 1732 651 1813 οὕτως
678 1734 747 1804 door
774 1737 810 1805 τό
837 1742 966 1831 πρῶτον
993 1735 1153 1830 μεγάλαις
1181 1736 1292 1832 ἐκδρο-

94 1867 174 1955 μαῖς
213 1860 398 1957 ἐχρήσαντο
438 1864 517 1958 πρός
557 1863 774 1958 φιλοσοφίαν,
816 1866 886 1934 εἶτα
925 1863 1033 1934 πολλὰ
1072 1864 1125 1934 καλ
1167 1871 1292 1960 συνεχῆ

93 1988 345 2085 προςκροόματα
380 1989 434 2059 καί
470 1990 706 2085 διασπάσματα
733 1992 937 2092 λαμβάνουσι
965 1993 1107 2088 μηδενός
1135 1992 1292 2089 διαφόρου

92 2119 176 2215 πρός
216 2117 253 2186 τὸ
295 2117 422 2218 βέλτιον
464 2116 761 2213 ἐπαισθανόμενοι,
797 2121 1014 2198 τελευτῶντες
1051 2120 1210 2214 ἐξέκαμον
1237 2146 1302 2189 και

93 2246 341 2342 ἀπηγόρευσαν.
398 2246 592 2318 Habemus
628 2247 661 2317 h.
682 2247 703 2318 l.
734 2247 768 2318 in
802 2247 986 2320 arundinis
1017 2247 1177 2342 imagine
1196 2226 1292 2318 'alte-

92 2399 174 2446 ram
229 2376 502 2468 metaphoram,
537 2402 632 2471 quae
674 2379 899 2473 deprompta
935 2391 991 2450 est
1031 2380 1080 2450 ab
1125 2376 1290 2459 homine,

90 2503 205 2576 celeri
236 2530 345 2577 cursu
372 2506 591 2579 exanimato.
646 2509 804 2580 Arundo
833 2508 927 2580 enim
955 2507 1117 2581 defetisci
1144 2506 1291 2592 dicitur,

91 2634 197 2706 velut
221 2635 282 2731 qui
302 2638 351 2709 ob
380 2637 560 2710 anhelitus
584 2638 777 2733 angustias
801 2639 835 2711 in
863 2640 1127 2712 adscendendo
1155 2636 1290 2710 deficit.

91 2765 293 2838 Larsenius
333 2766 459 2853 „Stud
498 2768 581 2841 Crit.
619 2768 655 2839 in
691 2770 784 2842 Plut.
823 2770 937 2842 Mor.''
976 2769 1150 2848 Hauniae
1195 2773 1289 2856 1889

92 2919 188 2990 pag:
224 2901 266 2968 81
308 2896 343 2967 in
370 2898 564 2992 postremis
592 2899 715 2971 verbis
743 2908 799 2972 τοῦ
825 2899 1292 3001 πνεύματος-λαμβάνοντος

90 3026 232 3097 haeret.
270 3026 497 3100 intercidisse
533 2992 641 3124 putat
677 3028 811 3125 ahquid
845 3042 931 3100 ante
959 3037 1016 3100 τοῦ
1043 3027 1228 3122 πνεόματος
1255 3024 1290 3095 in

91 3156 190 3227 hanc
218 3156 293 3227 fere
321 3158 554 3230 sententiam:
583 3167 640 3230 τοῦ
661 3162 839 3256 στελέχους
858 3161 920 3230 ὑπὸ
940 3165 996 3230 τοῦ
1015 3157 1201 3251 πνεόματος
1220 3168 1289 3227 etc.

92 3284 210 3358 Haud
237 3286 349 3358 dubie
377 3289 493 3360 verba
521 3297 577 3360 τοῦ
605 3288 789 3384 πνεόματος
816 3287 948 3384 πληγὰς
975 3286 1030 3357 καί
1052 3287 1190 3384 τρόμους
1210 3287 1290 3381 λαμ-

93 3416 248 3519 βάνοντος
275 3418 474 3489 admodum
503 3419 663 3491 obscura
689 3429 783 3488 sunt.
839 3415 894 3487 At
915 3413 1063 3497 dubito,
1085 3438 1171 3485 num
1190 3428 1290 3486 recte

92 3545 143 3616 de
180 3546 366 3620 arundinis
399 3548 504 3622 caule
542 3552 718 3644 στέλεχος,
755 3559 925 3632 truncus,
955 3544 1105 3617 dicatur.
1162 3543 1290 3638 Itaque

92 3673 217 3770 potius
253 3701 322 3771 pro
349 3685 406 3751 τοῦ
435 3680 611 3775 στελέχους
651 3674 804 3770 legerim
831 3682 888 3748 τοῦ
916 3677 1058 3770 καυλοῦ,
1087 3687 1150 3745 aut
1178 3697 1288 3744 voca-

91 3805 183 3878 bulo
211 3810 387 3879 dolante
414 3814 470 3878 τοῦ
497 3807 682 3903 πνεόματος
708 3804 844 3877 inserto
864 3806 1087 3907 λαμβάνοντος
1119 3803 1286 3875 mutarim

94 3934 132 4006 in
160 3937 386 4038 λαμβάνουσα.

147 4064 249 4138 Sicut
272 4067 372 4160 apud
395 4079 579 4140 nostrates
599 4069 736 4138 suberis
755 4078 883 4138 cortex
900 4063 1056 4137 levitatis
1075 4077 1131 4136 est
1154 4062 1288 4158 imago

93 4194 155 4268 Sic
183 4220 270 4291 pag.
308 4217 374 4286 127
397 4198 443 4268 D.
470 4197 687 4269 Plutarchus
719 4195 770 4268 ait
789 4219 924 4290 corpus
944 4192 1049 4266 nobis
1067 4193 1288 4265 servandum

93 4351 178 4399 esse
214 4325 335 4399 habile
363 4341 402 4398 et
429 4326 658 4421 expeditum,
696 4340 737 4398 ut
763 4324 891 4410 etiam,
928 4323 957 4397 si
983 4323 1181 4419 aliquando
1208 4348 1290 4418 pre-
