2866 5040
723 277 769 346 93

27 452 53 466 ⁹
153 430 243 535 Ἤτοι
271 461 325 534 διὰ
347 463 383 533 τδ
410 461 519 533 πολλὰ
545 456 619 533 καθ’
647 463 799 533 ὑπόνοιαν
827 464 950 560 φέρειν·
979 461 1076 557 ἢότι
1094 461 1346 558 Λακεδαιμόνιοι

10 647 67 705 ab·
165 595 260 669 λιναῖς
304 590 495 686 σφενδόναις
543 588 597 661 καὶ
641 596 769 688 νευραῖς
810 590 953 688 ἐψόφουν
989 591 1069 688 πρδς
1096 592 1252 687 ἔκπληξιν
1279 599 1345 661 τῶν
1418 644 1422 663 ι

10 690 77 815 ἶ
169 713 328 814 πολεμίων.
384 715 436 793 Cf.
465 715 538 789 Cic.
562 717 611 788 ad
639 716 805 790 Atticum
832 718 877 800 V,
904 741 971 803 20,
1001 743 1032 808 3.

46 930 53 939 ⁵
206 842 292 940 Pag.
316 867 386 939 593
405 845 444 921 C.
470 845 625 940 scriptor
652 846 739 919 dicit
764 848 874 919 deum
902 872 1045 943 paucos
1072 873 1141 943 per
1169 872 1208 920 se
1236 847 1347 943 idque

38 970 48 977 “
156 985 234 1047 raro
261 976 496 1071 compellare,
530 975 714 1075 plerisque
742 977 851 1072 signa
878 1002 1097 1074 suggerere,
1126 1002 1346 1074 comparans

141 1119 236 1177 eum
263 1131 346 1178 eum
366 1131 458 1201 rege
473 1121 511 1179 et
524 1107 635 1191 duce,
651 1105 722 1201 qui,
738 1106 820 1180 fidis
835 1121 873 1179 et
886 1106 1121 1180 familiaribus
1136 1108 1204 1203 ipsi
1221 1133 1346 1180 coram

114 1236 367 1313 sententiam
394 1250 642 1335 exponentes
670 1261 752 1308 eam
780 1236 914 1312 exteris
941 1262 1008 1333 per
1034 1238 1135 1310 faces
1162 1239 1345 1324 ardentes

89 1376 372 1452 praecones,
406 1368 516 1440 tubas
554 1366 744 1439 nuntiant:
782 1369 890 1466 ὥςπερ
918 1368 979 1467 γὰρ
1006 1378 1071 1439 τῶν
1100 1370 1264 1469 βασιλέων
1291 1368 1345 1441 καλ

79 1494 200 1561 Τῶν
262 1507 454 1595 στρατηγῶν
500 1500 560 1597 τῂν
601 1499 744 1569 διάνοιαν
785 1499 901 1594 οἱμὲν
930 1500 1021 1577 ἐκτδς
1048 1497 1264 1568 αἰσθάνονται
1291 1496 1346 1569 κοιλ

68 1626 366 1711 γιγνώσκουσι
401 1633 536 1724 πυρσοῖς
571 1653 636 1697 τισι
669 1626 723 1697 καλ
750 1626 937 1725 κηρύγμασι
964 1627 1017 1697 καλ
1045 1627 1107 1696 όπδ
1135 1627 1346 1721 σαλπίγγων,

58 1749 201 1828 τοῖς
245 1754 281 1827 δὲ
308 1761 434 1834 πιστοῖς
461 1754 516 1826 καλ
543 1737 723 1851 συνήθεσιν
751 1756 843 1826 αὐτοὶ
870 1755 1064 1852 φράζουσιν,
1084 1752 1170 1852 οὕτω
1197 1756 1234 1823 τδ
1253 1751 1345 1824 θεῖον

52 1863 124 1939 ὄλ
134 1875 270 1974 ίγοις
316 1883 507 1979 ἐντυγχάνει
548 1879 587 1955 δι’
627 1886 726 1955 αὑτοῦ
767 1884 821 1955 καὶ
861 1885 1027 1976 σπανίοις7
1054 1891 1121 1962 τοῖς
1149 1884 1184 1953 δέ
1211 1882 1346 1959 πολλοῖς

53 2000 285 2097 σημεῖα
303 2011 454 2105 δίδωσιν,
484 2011 518 2091 ἐξ
546 2015 592 2081 ὧν
619 2015 643 2107 ἡ
670 2013 833 2108 λεγομένη
862 2013 1000 2106 μαντικὴ
1030 2013 1242 2106 συνέστηκεν.

166 2131 243 2210 Im
269 2137 346 2211 vita
374 2136 547 2213 Eumenis
573 2163 603 2211 c.
634 2160 653 2228 7
683 2163 770 2234 pag.
801 2143 872 2231 587
902 2139 942 2208 Β.
970 2136 1165 2231 imaginem
1193 2135 1345 2230 sumpsit

60 2269 94 2316 ³0
163 2267 340 2357 proelio
368 2267 497 2341 navali.
547 2269 717 2362 Pugnam
745 2267 839 2340 enim
859 2267 1095 2362 Neoptolemi
1113 2283 1151 2339 et
1168 2265 1344 2339 Eumenis

67 2373 381 2481 describens,
422 2396 508 2470 dicit
548 2422 675 2469 eorum
708 2422 826 2492 equos
855 2422 993 2492 magna
1020 2395 1055 2470 vi
1082 2396 1279 2470 triremium
1307 2395 1342 2466 in

75 2527 288 2601 morem
313 2527 459 2603 collisos
477 2552 576 2601 esse:
595 2538 663 2600 τῶν
682 2501 790 2600 ίππων
811 2530 845 2609 ἐξ
858 2531 1012 2607 ,ἐναντίας
1031 2529 1088 2629 βίᾳ
1107 2528 1341 2623 συμπεσόντων

84 2632 263 2756 &Creop
289 2658 454 2757 τριήροιν,
482 2659 541 2738 τὰς
568 2661 664 2756 ἡνίας
683 2659 827 2754 ἀφέντας
847 2657 1002 2754 ἀλλήλοιν
1023 2657 1244 2756 ἐπεδράξαντο
1272 2665 1343 2735 ταῖς

89 2787 277 2882 Κερσίν,
304 2814 333 2858 κ.
362 2814 390 2858 τ.
419 2788 449 2858 λ.

102 3111 133 3210 θ
182 3145 249 3212 16.
290 3140 565 3212 METAPHORAE
590 3165 639 3211 AB
665 3161 1028 3211 ADMINISTRATIONE
1053 3162 1119 3209 aar
1145 3161 1343 3223 uomicas,

329 3293 653 3352 memmimus,
682 3291 967 3342 ruursorcrrouu
995 3291 1164 3340 PETITAE.
1313 3266 1316 3275 '

192 3576 292 3678 Pag.
330 3604 405 3675 454
445 3584 484 3654 Β.
539 3582 756 3655 Plutarchus
792 3580 877 3653 dicit
911 3605 1005 3676 opus
1041 3604 1123 3653 esse
1159 3579 1212 3650 ira
1240 3578 1274 3649 in
1302 3603 1341 3650 se

109 3680 300 3798 habeat,
319 3737 395 3808 quo
424 3712 666 3807 opprimatur,
687 3724 954 3806 comparatque
982 3734 1065 3782 eam
1093 3734 1176 3782 eum
1204 3708 1340 3780 munita

111 3824 357 3915 tyrannide:
396 3845 449 3916 καλ
485 3844 546 3942 γάρ
583 3844 795 3941 ὑπερήφανος
830 3841 885 3912 καλ
912 3841 1063 3936 αὐθάδης
1090 3842 1144 3911 καὶ
1171 3840 1255 3918 ὅλως
1283 3838 1338 3934 ὑφ’

10 4034 12 4053 ,
118 3945 299 4067 ἐῗέρουό
326 3974 432 4068 θυμδς
455 3973 644 4068 δυσκίνητος
662 3973 720 4064 ὥν,
740 3970 853 4067 ὥσπερ
877 3969 982 4068 ὀχυρά
1000 3969 1146 4066 τυραννὶς
1166 3969 1199 4046 ἐξ
1220 3971 1340 4060 ἑαυτῆς

10 4132 16 4179 t
119 4069 238 4184 ἒ’λίειν
264 4102 392 4198 ὀφείλει
418 4099 562 4172 σόνοικον
591 4101 643 4170 καλ
671 4099 823 4195 συγγενές
849 4100 886 4167 τδ
913 4098 1087 4168 καταλῦον.

197 4222 249 4301 Ετ
274 4228 399 4324 paullo
426 4226 573 4301 inferius
599 4251 687 4322 pag.
715 4247 789 4318 455
821 4223 859 4296 C.
887 4223 977 4295 iram
1004 4236 1191 4318 tamquam
1218 4237 1339 4317 tyran-

25 4425 27 4437 .
133 4356 237 4431 num
264 4357 417 4455 opprimi
443 4357 510 4444 ait,
538 4356 567 4430 si
594 4356 627 4429 ei
653 4381 726 4427 non
746 4378 960 4449 pareamus:
989 4356 1057 4424 ἔστι
1076 4354 1137 4452 γάρ
1155 4380 1204 4432 τις
1222 4353 1339 4451 πρώτη
