2834 4964
722 200 767 286 58

150 405 247 477 unde
274 404 494 497 colophonem
522 403 651 473 addere
676 424 788 474 sensu
814 401 1034 474 conficiendi
1052 401 1087 473 in
1102 403 1351 495 proverbium

149 533 293 606 abiisse.
348 533 463 627 Apud
499 531 735 604 Plutarchum
772 532 930 604 occurrit
964 555 1051 626 pag.
1091 550 1163 623 549
1202 533 1266 603 D.:
1299 540 1353 630 τῷ

149 665 238 761 λόγῳ
274 667 329 734 τδν
367 664 544 758 κολοφῶνα
580 669 640 757 τῆς
677 663 814 759 ἀπορίας
841 661 1018 753 ἐπιθεῖναι,
1047 661 1088 732 cf.
1117 660 1228 733 etiam
1256 686 1352 757 pag.

127 796 249 881 „1064
280 789 319 862 C.

201 922 292 1015 Pag.
311 941 382 1012 554
399 920 439 990 B.
453 918 877 1042 vitiositatemopifieem
900 919 998 991 vitae
1021 919 1239 1024 miserabilis
1261 946 1355 993 esse

150 1063 277 1123 noster
304 1050 372 1121 ait:
399 1055 422 1147 ἡ
451 1051 487 1120 δὲ
515 1051 612 1120 κακία
639 1056 705 1120 τῶν
734 1028 961 1145 κολαστηρίων
990 1045 1042 1145 ἐφ’
1061 1052 1184 1147 ἑαυτὴν
1205 1051 1352 1122 ἕκαστον

151 1183 184 1261 ἐξ
212 1183 315 1275 αὑτῆς
342 1179 657 1269 τεκταίνεται,
686 1176 952 1256 δεινοῦτιςοῦσα
968 1179 1038 1279 βίου
1058 1180 1351 1276 δημιουργός.

202 1318 293 1410 Pag.
325 1336 398 1407 529
427 1312 465 1386 C.
493 1313 529 1384 in
557 1312 681 1385 libello
712 1313 782 1406 „de
809 1313 942 1386 vitioso
969 1315 1136 1409 pudore''
1163 1315 1354 1401 homines

151 1446 301 1518 nimium
329 1445 511 1539 pudorem
538 1442 666 1514 tollere
694 1457 880 1528 conantes,
896 1443 1120 1530 adhortatur,
1136 1459 1175 1516 ut
1189 1459 1356 1518 caveant

151 1601 197 1648 ne
247 1575 355 1648 simul
403 1598 488 1645 cum
537 1597 584 1643 eo
634 1573 817 1644 confinem
867 1574 1130 1646 verecundiam
1175 1575 1351 1658 eliciant,

151 1729 372 1800 comparans
399 1728 465 1775 eos
492 1727 576 1774 cum
603 1701 734 1786 fabris,
763 1703 844 1796 qui,
868 1703 1007 1777 'domus
1034 1704 1180 1799 templis
1207 1704 1354 1778 vicinas

150 1835 415 1919 demolientes,
456 1857 588 1905 cavere
618 1833 764 1916 debent,
793 1857 838 1904 ne
867 1859 951 1905 cum
980 1834 1152 1906 domibus
1180 1836 1354 1907 confines

150 1963 373 2056 templorum
413 1973 537 2055 partes
577 1973 765 2032 evertant:
794 1960 907 2059 ὥσπερ
935 1967 966 2033 οῖ
991 1964 1212 2046 καταλύοντες
1240 1967 1350 2046 οἰκίας

153 2098 249 2190 ἱεροῖς
289 2092 483 2188 γειτνιώσας
523 2091 564 2161 τά
605 2117 642 2185 γε
682 2097 808 2186 συνεχῆ
836 2091 891 2161 καί
917 2093 1059 2186 πλησίον
1088 2095 1169 2162 ἐῶσι
1198 2093 1253 2162 καλ
1283 2094 1350 2164 διε-

152 2221 337 2318 ρείδουσιν,
377 2218 463 2291 οῦτω
504 2220 557 2289 δεῖ
580 2219 642 2314 τὴν
671 2219 840 2289 δυσωπίαν
869 2227 982 2312 κινεῖν,
1011 2220 1158 2298 δεδιότας
1186 2221 1351 2315 συνεφελ-

152 2348 316 2420 κύσασθαι
349 2349 390 2419 τά
418 2352 600 2445 ὁμοροῦντα
627 2354 688 2442 τῆς
715 2347 835 2426 αἰδοῦς.

203 2485 281 2556 Iam
321 2498 552 2556 transeamus
593 2483 642 2553 ad
668 2483 926 2555 translationes
966 2484 1015 2554 ab
1042 2492 1122 2553 orte
1137 2483 1287 2579 figendo
1312 2498 1353 2556 et

151 2616 339 2708 sculptura
367 2615 614 2708 depromptas.
642 2613 808 2684 Verbum
837 2614 1065 2705 πλάττειν,
1083 2613 1239 2708 fingere,
1269 2613 1351 2690 for-

152 2771 252 2814 moro
292 2744 467 2840 argillam
509 2742 567 2812 vol
598 2752 750 2826 cretam,
791 2742 931 2837 tropice
960 2742 1097 2814 dietum
1127 2743 1353 2816 Plutarchus

150 2873 265 2946 habet
290 2898 377 2968 pag.
396 2895 441 2966 52
472 2873 527 2944 B.:
546 2873 703 2944 πλάττων
724 2876 839 2944 ἑαυτδν
855 2875 934 2970 πρδς
949 2872 1073 2970 ἕτερον,
1092 2896 1179 2966 pag.
1195 2878 1271 2962 408
1289 2874 1351 2946 D.:

151 3004 310 3075 πλάττειν
351 3006 478 3097 αἰτίας,
531 3001 566 3072 in
607 3000 679 3072 vita
720 3001 827 3072 Arati
868 3026 897 3072 c.
940 3024 988 3091 30
1024 3026 1112 3096 pag.
1160 3025 1251 3093 1041
1288 3003 1351 3076 C.:

153 3133 380 3229 πεπλασμένῳ
407 3131 506 3227 ἤθει,
534 3131 569 3202 in
597 3131 671 3203 vita
700 3131 778 3203 Cat.
808 3130 895 3202 Min.
923 3156 952 3202 c.
982 3136 1027 3221 63
1058 3156 1145 3226 pag.
1178 3154 1251 3223 790
1281 3133 1323 3206 C.

204 3254 241 3331 Ἐ
251 3289 269 3330 κ
280 3261 299 3330 λ
311 3287 327 3330 ε
338 3286 360 3330 α
371 3261 381 3329 ί
390 3287 406 3329 ν
418 3287 435 3330 ε
446 3288 455 3330 ι
466 3290 503 3353 ν,
523 3261 663 3354 polire,
686 3260 827 3355 tropice
842 3260 889 3331 de
904 3260 1230 3355 defatigationibus
1245 3289 1353 3336 usur-

153 3402 218 3482 pat
252 3411 340 3483 pag.
376 3411 441 3477 131
474 3388 532 3465 C:
568 3396 591 3489 ἡ
619 3390 842 3489 θερμολουσία
870 3393 1086 3464 ἐκλεαίνουσα
1112 3393 1187 3472 τοὺς
1214 3395 1349 3475 κόπους.

205 3527 297 3622 Pag.
342 3548 386 3617 74
430 3527 476 3597 D.
508 3527 694 3611 homines,
723 3541 822 3599 recte
850 3542 994 3600 utentes
1021 3528 1274 3600 admonitione
1302 3556 1350 3604 ac

152 3657 327 3752 deinceps
367 3681 450 3729 eam
478 3657 674 3741 lenientes,
716 3671 909 3752 comparat
928 3683 1012 3729 cum
1032 3658 1234 3750 statuariis,
1275 3675 1353 3733 sta-

150 3800 233 3861 tuas
260 3811 392 3882 aspere
419 3787 560 3860 excisas
587 3787 859 3880 laevigantibus
886 3801 923 3858 et
949 3787 1189 3883 polientibus:
1219 3786 1291 3861 οὔθ’
1320 3797 1353 3862 οῖ

152 3918 386 4000 νουθετοῦντες
426 3919 566 3998 ἀστείως
606 3922 643 3989 τδ
683 3921 796 4015 πικρδν
838 3918 892 3989 καί
925 3919 1077 4013 δηκτικδν
1106 3919 1352 4019 προςβαλόντες

151 4043 413 4155 ἀποτρέχουσιν,
451 4041 522 4116 ἀλλ’
550 4048 692 4141 ὁμιλίαις
719 4049 846 4144 ἑτέραις
873 4047 927 4118 καί
955 4048 1061 4142 λόγοις
1088 4050 1268 4118 ἐπιεικέσιν
1298 4051 1352 4118 έκ-

148 4172 331 4268 πραΰνουσι
358 4174 413 4245 καί
441 4175 642 4271 διαχέουσιν,
671 4175 783 4272 ὥσπερ
812 4180 842 4246 οἱ
868 4176 1011 4255 λιθοξόοι
1039 4175 1080 4246 τά
1108 4177 1282 4271 πληγέντα
1293 4178 1351 4248 καὶ

147 4304 373 4396 περικοπέντα
401 4310 467 4374 τῶν
496 4302 698 4398 ἀγαλμάτων
726 4305 967 4382 ἐπιλεαίνοντες
994 4304 1048 4374 καί
1076 4310 1263 4398 γανοῦντες.
