2834 4964
681 297 727 363 94

103 482 255 579 καθάπερ
290 480 445 578 τυράννου
481 481 656 559 κατάλυσις
691 487 747 551 τοῦ
779 482 906 577 θυμοῦ,
935 484 982 578 μη
1010 483 1190 554 πείθεσθαι
1219 485 1300 581 μηδ’

104 609 277 681 ὑπακούειν
305 608 560 707 προςτάττοντος
588 609 686 679 αὐτοῦ
714 612 800 706 μέγα
829 610 927 709 βοᾶν,
954 638 983 681 κ.
1013 638 1042 682 τ.
1071 613 1101 682 λ.

155 747 246 840 Pag.
279 750 350 836 748
379 746 426 816 D.
454 743 612 839 legimus
638 745 869 818 saltationem
898 771 1058 841 regnare
1077 748 1112 819 in
1132 749 1303 835 theatriS,

103 891 290 971 tamquam
319 889 534 971 tyrannum:
563 876 705 974 καὶγὰρ
733 874 816 973 αὕτη
846 875 932 974 (scil.
960 882 983 974 η
1011 879 1164 977 ὄρχησις)
1188 889 1305 978 κρατεῖ

103 1007 274 1105 θεάτρων,
299 1007 412 1103 ὥσπερ
430 1005 602 1102 τύραννος,
623 1005 766 1102 ὑπήκοον
787 1010 891 1103 ἑαυτῇ
908 1010 1119 1103 πεποιημένη
1140 1010 1303 1104 μουσικὴν

104 1137 213 1231 ὀλίγου
241 1136 302 1230 την
329 1133 475 1204 ἅπασαν.

155 1272 247 1366 Pag.
269 1276 339 1342 166
354 1271 400 1341 D.
421 1267 738 1365 desuperstitioso
758 1269 903 1341 dicitur:
918 1273 978 1368 τὴν
996 1281 1062 1342 τῶν
1082 1270 1173 1343 θεῶν
1193 1274 1298 1370 ἀρχὴν

104 1407 149 1481 ῶς
176 1403 350 1500 τυραννίδα
377 1399 593 1502 φοβούμενος.
634 1393 638 1401 ’

155 1529 248 1623 Pag.
272 1533 344 1618 768
374 1530 413 1599 B.
442 1552 606 1600 amorem
634 1551 718 1600 cum
747 1529 1072 1601 dictatorenoster
1096 1542 1301 1623 comparat.

105 1659 208 1732 Sicut
235 1658 329 1731 enim
349 1660 504 1743 Romae,
524 1657 704 1730 dictatore
725 1673 868 1746 creato,
888 1658 1014 1754 reliqui
1033 1683 1164 1731 omnes
1184 1659 1306 1754 magi·

104 1803 240 1863 stratus
268 1788 502 1875 abdicantur,
536 1788 605 1874 ita,
633 1787 662 1860 si
689 1813 798 1883 quem
825 1814 930 1861 amor
956 1787 1124 1861 dominus
1150 1788 1313 1874 invasit,

104 1921 258 2015 posthac
285 1919 353 1992 soli
379 1933 485 2014 paret
511 1917 644 1990 amori:
664 1920 817 2018 καθάπερ
845 1919 905 2018 γὰρ
934 1922 968 1989 έν
994 1915 1113 2015 Ῥῶμη
1141 1920 1225 2014 φασί
1245 1926 1305 1990 τοῦ

104 2052 305 2145 καλουμένου
342 2049 537 2147 δικτάτωρος
569 2048 844 2146 ἀναγορευθέντος
873 2047 1094 2119 ἀποτίθεσθαι
1112 2047 1171 2126 τὰς
1199 2048 1313 2126 ἀλλας

106 2178 210 2276 ἀρχὰς
237 2178 312 2257 τοὺς
339 2179 488 2274 ἔχοντας,
508 2175 610 2256 οὕτως
638 2179 685 2255 οἷς
712 2177 751 2246 ἀν
765 2171 874 2273 Ἔρως
893 2175 1000 2273 κόριος
1025 2179 1216 2272 ἐγγένηται,
1237 2184 1315 2246 τῶν

105 2307 215 2378 άλλων
244 2308 412 2378 δεσποτῶν
440 2306 494 2376 καὶ
522 2306 691 2404 ἀρχόντων
720 2304 891 2402 έλεόθεροι
918 2305 973 2375 καί
1000 2305 1117 2399 ἄφετοι
1145 2304 1311 2402 καθάπερ

107 2436 285 2534 ἱερόδουλοι
313 2434 528 2505 διατελοῦσιν.

157 2570 248 2665 Pag.
281 2575 353 2659 789
382 2569 421 2639 F.
451 2567 618 2640 canitiem
645 2567 893 2641 venerabilem
921 2592 1003 2640 esse
1029 2567 1132 2654 dicit,
1154 2593 1314 2664 compa-

104 2724 189 2771 rans
226 2724 308 2772 eam
344 2723 429 2770 curn
468 2722 606 2770 corona
633 2723 678 2770 ac
706 2697 935 2770 diademate:
976 2700 1130 2797 καθάπερ
1159 2704 1176 2769 ὁ
1204 2701 1308 2796 νόμος

104 2833 142 2902 τδ
182 2831 329 2925 διάδημα
368 2830 422 2901 καί
461 2832 514 2900 τδν
557 2832 740 2926 στέφανον,
780 2828 865 2900 οὕτω
905 2830 965 2924 τὴν
1000 2828 1118 2899 πολιὰν
1152 2833 1176 2922 ἡ
1206 2828 1303 2924 φάσις

104 2962 232 3055 ’ἔντιμον
259 2963 458 3055 ἡγεμονικοῦ
486 2957 650 3058 σύμβολον
679 2959 864 3052 ἀξιώματος
892 2956 1090 3051 ἐπιτίθησιν.

156 3089 248 3181 Pag.
280 3108 324 3179 52
331 3111 350 3177 3
381 3085 428 3157 A.
457 3085 602 3181 respicit
628 3087 678 3158 ad
705 3085 917 3158 divisionem
939 3083 1144 3156 Atticorum
1166 3084 1296 3156 civium

103 3215 138 3287 in
166 3217 282 3289 tribus
310 3215 464 3315 (φυλάς),
496 3215 614 3288 curias
643 3212 851 3315 (φρατρίας),
880 3228 1015 3309 gentes
1043 3216 1161 3314 (γένη).
1206 3214 1297 3289 Dicit

104 3346 197 3419 enim
238 3347 310 3418 hoc
350 3346 434 3418 loco
475 3345 777 3417 calumniatorum
818 3369 940 3439 genus
981 3371 1001 3417 e
1044 3344 1144 3417 curia
1182 3345 1295 3416 curio-

104 3501 228 3549 sorum
265 3500 363 3548 esse:
397 3478 452 3548 καί
478 3477 539 3575 γάρ
566 3478 604 3548 τδ
630 3485 695 3547 τῶν
723 3484 937 3572 συκοφαντῶν
964 3478 1055 3571 γένος
1082 3477 1118 3545 ἐκ
1145 3483 1205 3571 τῆς
1232 3485 1294 3546 τῶν

103 3607 386 3705 πολυπραγμόνων
416 3607 574 3703 φρατρίας
603 3607 702 3676 ἐστίν.

155 3736 248 3829 Pag.
283 3758 351 3824 124
373 3734 414 3804 E.
435 3758 500 3805 eos
520 3731 581 3827 qui
601 3731 705 3816 cibis,
728 3756 801 3802 non
821 3731 1025 3803 esurientes
1042 3732 1092 3802 ad
1110 3732 1297 3803 edendum

103 3864 355 3950 invitantibus,
383 3877 459 3935 tum
488 3862 601 3934 modo
629 3875 797 3946 utuntur,
826 3886 910 3933 cum
931 3876 987 3934 est
1005 3884 1178 3947 necesse,
1199 3886 1298 3933 com-

103 4008 211 4090 parat
248 4019 330 4066 curn
367 3991 522 4077 civibus,
560 3991 622 4087 qui
648 3990 861 4086 pecuniam,
889 3990 1110 4086 spectaculis
1137 3990 1300 4086 impendi

104 4124 265 4210 solitam,
284 4123 319 4195 in
347 4150 455 4197 usum
476 4121 618 4194 militiae
639 4134 876 4193 convertunt:
900 4131 1030 4221 πρῶτον
1049 4123 1109 4217 μέν
1128 4126 1144 4192 ὁ
1163 4121 1298 4221 Σωκρά-

104 4281 164 4351 της
204 4256 508 4354 παρακελευόμενος
549 4253 777 4350 φυλάττεσθαι
816 4261 882 4323 τῶν
911 4251 1112 4352 βρωμάτων,
1149 4251 1212 4323 ὅσα
1248 4254 1296 4349 μὴ

104 4392 287 4462 πεινῶντας
315 4384 439 4455 ἐσθίειν
467 4383 660 4477 ἀναπείθει,
687 4381 741 4452 καί
768 4388 835 4451 τῶν
853 4380 1023 4475 πωμάτων
1043 4380 1104 4450 όσα
1123 4382 1227 4451 πίνειν
1248 4383 1295 4477 μὴ
