2834 4964
643 231 706 298 141

61 417 224 487 συνεῖλεν
245 417 397 513 ,ὑψηλδν
412 416 573 517 ἡβάσασα
592 417 755 488 τεκτόνων
774 417 894 488 πόνον”
914 417 959 496 ώς
974 444 1075 514 φησιν
1091 416 1269 516 Αἰσχύλος·

77 540 174 624 οὕτως
201 548 218 614 ό
247 551 297 640 τῷ
324 544 424 641 θυμῷ
450 547 619 642 προςέχων
649 546 683 615 ἐν
704 546 797 642 ἀρχῇ
815 545 974 616 καὶκατὰ
993 549 1108 643 μικρδν
1128 549 1166 618 ἔκ
1184 575 1271 628 τινος

82 666 187 752 λαλιᾶς
215 672 271 744 καί
299 672 507 774 βωμολοχίας
535 673 767 769 συρφετώδους
795 677 879 771 ὁρῶν
908 675 1109 754 καπνίζοντα
1133 676 1186 747 καί
1206 677 1273 747 δια-

82 802 253 896 καόμενον,
279 802 315 872 οὐ
334 801 482 896 μεγάλης
501 802 606 872 δεῖται
624 804 875 899 πραγματείας,
895 803 981 874 ἀλλά
1000 803 1158 882 πολλάκις
1177 805 1272 900 αυτῷ
1327 810 1331 819 ’

78 937 121 1026 τῷ
147 935 319 1025 σιωπῆσαι
346 929 400 1000 καί
428 930 660 1024 καταμελῆσαι
688 932 909 1002 κατέπαυσεν.
928 956 938 1017 g

125 1057 216 1151 Pag.
256 1062 328 1147 633
351 1057 389 1127 F.
428 1070 638 1128 nascentem
677 1058 797 1129 adhuc
834 1082 998 1130 amorem
1033 1070 1071 1130 et
1097 1058 1271 1146 latentem

42 1214 46 1221 ·
70 1186 176 1259 irasci
203 1185 259 1272 iis,
288 1186 349 1280 qui
377 1185 496 1282 ipsum
524 1187 724 1281 detegant,
753 1187 983 1260 manifestum
1011 1200 1134 1260 autern
1158 1202 1270 1283 atque

68 1330 221 1389 auctum
263 1315 309 1387 ali
349 1315 459 1402 iociS,
500 1315 618 1411 iisque
659 1316 764 1412 quasi
800 1318 964 1390 afflatum
994 1318 1156 1391 arridere
1184 1319 1272 1391 dicit

66 1469 294 1540 comparans
321 1470 485 1518 amorem
514 1472 598 1519 cunr
625 1446 733 1542 igne,
762 1472 870 1542 quern
898 1447 997 1521 initio
1017 1450 1066 1521 ab
1089 1429 1271 1522 imbecilli-

64 1589 187 1648 tatem
228 1574 331 1647 facile
372 1576 517 1671 spiritus
559 1576 775 1672 exstinguit,
816 1562 966 1677 auctum
1003 1592 1126 1651 autem
1162 1579 1272 1652 'nutrit

63 1732 115 1778 ac
144 1707 318 1778 roborat:
357 1713 401 1787 ὡς
437 1708 498 1806 γάρ
535 1710 571 1778 τδ
608 1714 672 1806 πῦρ
709 1711 743 1779 ἐν
779 1710 871 1806 ἀρχῇ
896 1710 958 1804 μὲν
986 1710 1204 1809 ἀποσβέννυσι
1232 1713 1269 1782 τδ

63 1843 203 1933 πνεῦμα
231 1823 285 1908 διά
312 1839 372 1932 τὴν
402 1837 603 1930 ἀσθένειαν,
631 1837 811 1931 αὐξηθέντι
839 1838 875 1908 δὲ
901 1838 1026 1935 τροφὴν
1054 1841 1195 1936 παρέχει
1215 1840 1270 1910 καί
1376 1848 1382 1861 ’

64 1965 210 2064 ῥωμήν,
240 1963 326 2036 οὕτω
355 1966 516 2061 φυόμενος
546 1969 562 2035 ό
590 1966 673 2062 ἔρως
700 1967 749 2036 ’ἔτι
777 1965 832 2036 καί
858 1965 1035 2036 λανθάνων
1064 1966 1269 2038 δυσκολαίνει

63 2094 128 2165 καὶ
163 2083 347 2189 ἀγανακτεῖ
380 2096 459 2191 πρδς
487 2092 561 2172 τοὺς
597 2093 912 2187 ἀποκαλύπτοντας,
950 2093 1122 2192 ἐκλάμψας
1151 2094 1186 2164 δὲ
1214 2096 1269 2166 καλ

63 2225 262 2319 διαφανεῖς,
298 2225 457 2319 τρέφεται
485 2222 539 2293 καί
566 2223 733 2319 προςγελφῖ
759 2229 825 2301 τοῖς
853 2223 1031 2318 σκώμμασι
1059 2224 1267 2318 φυσώμενος.

123 2360 215 2453 Pag.
254 2380 328 2450 474
350 2361 396 2430 D.
439 2383 522 2431 cum
559 2360 707 2431 flamma
742 2371 854 2431 vento
901 2357 1042 2453 agitata
1079 2374 1272 2453 comparat

58 2491 299 2584 voluptatem
328 2488 534 2562 divitiarum
562 2489 798 2561 fruendarum
827 2514 942 2583 quae,
971 2502 1011 2561 ut
1038 2486 1146 2561 nimia
1171 2487 1267 2584 cupi-

59 2620 182 2693 ditate
212 2633 379 2715 optatur,
406 2618 456 2691 ita
484 2618 682 2691 maximum
709 2618 874 2691 timorem
901 2617 1009 2691 iniicit
1036 2643 1082 2690 ne
1107 2643 1174 2691 nos
1194 2644 1267 2691 non

58 2749 207 2824 stabilis
236 2748 448 2822 comitetur:
476 2755 499 2847 ἡ
520 2751 580 2847 γάρ
600 2750 726 2847 σφοδρά
745 2750 821 2848 περὶ
840 2750 977 2821 ἕκαστον
999 2747 1086 2846 (scil.
1105 2751 1268 2842 πλοῦτον,
1374 2737 1377 2741 ,

58 2884 182 2974 δόξαν,
202 2880 357 2976 δύναμιν,
377 2880 502 2977 ἀρχήν)
521 2879 701 2974 ἐπιθυμία,
721 2879 946 2976 σφοδρότατον
963 2880 1065 2980 φόβον
1081 2882 1265 2974 ἐμποιοῦσα

58 3016 126 3086 τοῦ
150 3010 198 3105 μὴ
217 3015 434 3106 παραμενεῖν,
454 2990 582 3101 ἀσθενῆ
602 3007 663 3102 τὴν
681 3007 776 3103 χάριν
795 3013 886 3077 ποιεῖ
901 3007 955 3077 καὶ
974 3007 1132 3108 ἀβέβαιον
1153 3005 1266 3103 ώσπερ

59 3139 178 3235 φλόγα
205 3122 489 3231 καταπνεομένην.

122 3274 215 3368 Pag.
228 3279 299 3363 824
312 3272 351 3344 F.
370 3271 586 3344 seditionem
601 3271 820 3344 Plutarchus
836 3295 917 3342 cum
933 3270 1101 3343 incendio
1117 3271 1266 3343 confert.

61 3403 170 3477 Dicit
196 3428 328 3498 nempe
357 3427 430 3474 non
445 3426 596 3496 semper¹
606 3401 861 3474 contentiones
876 3402 923 3473 de
938 3401 1093 3496 publicis
1109 3399 1267 3494 negotiis

59 3533 228 3609 excitare
256 3531 473 3606 seditionem
503 3530 674 3616 civitatis,
702 3532 769 3602 sed
795 3555 1063 3626 saepenumero
1092 3556 1138 3603 ex
1156 3531 1267 3602 rebus

59 3680 104 3738 et
134 3662 282 3736 offensis
309 3661 458 3758 privatis
481 3661 515 3732 in
534 3660 721 3756 publicum
736 3674 967 3756 propagatas
981 3661 1064 3732 lites
1078 3658 1267 3754 exagitare

60 3794 273 3876 civitatem,
303 3793 399 3866 sicut
426 3792 633 3864 incendium
662 3817 735 3864 non
763 3816 877 3885 saepe
896 3791 1047 3865 asacris
1064 3804 1102 3863 et
1114 3788 1269 3886 publicis

59 3924 234 3999 exoritur
260 3922 368 4009 locis,
396 3923 463 3995 sed
490 3921 707 4017 plerumque
740 3921 923 4014 neglecta¹
941 3920 975 3992 in
1003 3922 1114 3993 domo
1143 3920 1266 4015 aliqua
1302 3950 1305 3957 ¹

58 4059 221 4130 lucerna
249 4068 314 4125 aut
338 4054 584 4125 inflammatus
598 4051 761 4124 sordium
776 4076 931 4124 acervus
946 4051 1135 4146 ingentem
1151 4051 1266 4122 edunt

59 4189 197 4284 ignem
212 4209 257 4256 ac
271 4183 458 4279 publicum
472 4181 725 4255 detrimentum
741 4183 915 4253 afferunt:
936 4183 1049 4280 ώσπερ
1069 4183 1264 4278 ἐμπρησμδς

58 4320 104 4392 οὐ
144 4315 304 4395 πολλάκις
340 4317 376 4385 ἐκ
413 4315 522 4384 τόπων
562 4318 657 4410 ἱερῶν
695 4313 834 4410 άρχεται
870 4311 924 4382 καί
960 4312 1149 4407 δημοσίων,
1178 4310 1264 4381 ἀλλά
