2834 4964
162 109 345 180 dederunt
371 106 429 178 ἀπ’
459 107 565 204 ἀρχῆς
592 107 813 198 ἀνυποθέτου,
837 130 949 199 quam
977 105 1171 178 lectionem
1186 106 1409 202 Wytten-

163 235 323 318 bachius,
353 234 534 329 Parthey,
562 233 808 306 Bernardakis
837 249 1065 329 receperunt.
1123 235 1208 327 Qua
1236 249 1358 309 tame
1374 263 1408 307 m

136 367 137 370 ’
162 367 318 439 lectione
347 366 387 437 fit
400 364 530 450 hiatus,
561 388 669 458 quem
698 364 944 437 Bernardakis
971 365 1063 437 tollit
1089 366 1254 460 legendo
1269 394 1323 437 συν
1341 393 1408 435 ι)-

164 500 316 594 ραίνουσι
343 520 412 592 pro
442 497 624 591 ὑφαίνουσι.
654 493 906 588 Stegmannus
925 494 1101 568 minorem
1121 472 1406 568 mutationern

169 627 256 699 vult.
285 624 396 720 Legit
423 632 604 723 γεννῶντες
635 624 692 721 ἀρ’
723 630 851 698 ἑαυτῶν
885 625 989 723 ἀρχὰς
1016 627 1244 705 ἀνυποδέτους
1273 623 1304 721 (i.
1323 644 1403 691 e.

163 758 282 829 indem
324 755 375 828 sie
416 753 619 849 grundlose
656 752 774 825 Stoffe
811 779 878 826 aus
906 753 981 827 sich
1015 754 1129 828 selbst
1158 745 1407 849 erzeugen)

162 886 372 982 stabilitque
391 886 485 957 hanc
513 882 759 956 coniecturam
778 884 861 956 loco
887 910 933 956 ex
951 883 1114 957 Platonis
1129 885 1186 957 Re
1206 884 1358 957 Public:
1371 900 1408 947 ὃ

99 1067 101 1072 -
162 1041 251 1113 pag.
280 1038 355 1109 510
383 1016 423 1085 B.
478 1013 669 1085 Postremo
709 1015 933 1086 vocabulum
975 1017 1114 1113 ἀπορίας
1154 1016 1407 1087 secundum

167 1147 436 1241 Stegmannum
464 1168 538 1216 non
567 1156 666 1215 recte
694 1169 734 1216 se
760 1144 883 1216 habet.
926 1147 1079 1225 ὑπονοίας
1107 1144 1210 1238 quod
1238 1146 1408 1217 Mart<-

163 1276 294 1348 Iandus
323 1286 571 1369 proposuerat
594 1271 705 1345 reiicit
732 1287 773 1345 ut
799 1271 946 1367 longius
965 1273 1200 1346 recedentem
1221 1298 1244 1345 a
1262 1267 1406 1347 codi·

167 1431 250 1478 cum
279 1403 447 1497 vestigio,
465 1401 600 1475 Reiskii
627 1417 750 1475 autem
769 1417 806 1476 et
821 1402 1096 1500 Wyttenbachii
1110 1401 1401 1477 coniecturam

167 1538 308 1635 ἱστορίας
347 1535 502 1630 probat,
543 1532 572 1606 si
613 1534 723 1606 modo
765 1533 954 1606 codicibus
994 1532 1124 1606 nititur.
1188 1533 1228 1606 Si
1267 1560 1395 1611 nort,

164 1664 324 1739 scribere
352 1664 492 1737 mavult
519 1660 705 1780 ἀπόρ<ους
734 1662 932 1781 ἱστορ>ἱας
979 1664 1126 1736 Mutare
1156 1688 1242 1735 cum
1271 1661 1392 1737 Ηο1-

28 1892 31 1896 Δ
165 1797 291 1868 werda
327 1795 447 1868 παθῶν
477 1794 647 1891 διηγήσεις
684 1792 753 1890 (Cf.
783 1793 904 1865 Holw.
960 1795 1043 1880 „De
1072 1792 1161 1889 disp.
1190 1796 1294 1867 verb.
1326 1795 1377 1867 in

162 1926 253 2020 ling.
283 1924 414 1997 Graec.
444 1936 481 1995 et
510 1922 611 1993 Lat.”
659 1921 820 1994 Traiecti
846 1923 896 1993 ad
924 1923 1093 1994 Rhenum
1128 1929 1244 2014 1878,
1272 1948 1368 2020 pag.

169 2061 237 2127 106
266 2052 329 2150 qui
355 2051 445 2147 legit
472 2054 579 2148 λόγων
608 2050 793 2149 διαφάσεις)
818 2076 918 2148 opus
946 2077 1028 2125 esse
1048 2067 1173 2147 negat.
1212 2055 1364 2127 Retinet

164 2186 284 2257 παθῶν
312 2183 502 2280 διηγήσεις,
539 2181 628 2251 dum
657 2180 797 2253 confert
825 2206 912 2277 pag.
949 2206 1043 2273 1093
1074 2185 1133 2269 B„
1161 2183 1224 2255 ubi
1253 2184 1359 2256 etiam

163 2311 437 2406 coniunguntur
453 2313 591 2408 ἱστορίαι
601 2323 639 2381 et
649 2311 820 2408 διηγήσεις
833 2313 988 2412 (ἱστορίαι
1000 2340 1041 2366 =
1052 2313 1355 2387 narratiunculae.
1375 2363 1377 2369 ·

165 2443 207 2516 cf.
244 2467 331 2538 pag.
376 2446 422 2531 78
459 2439 513 2536 F.)
566 2439 703 2511 Totum
738 2440 861 2513 Iocum
896 2441 946 2514 ita
973 2441 1095 2515 vertit:
1127 2444 1233 2538 „Das
1262 2444 1357 2518 diese

165 2572 427 2666 Erzahlungen
455 2567 554 2641 nicht
581 2569 786 2664 durchweg
815 2570 964 2671 (κομιδῇ)
988 2571 1142 2668 luftigen
1157 2575 1234 2645 und
1253 2574 1358 2646 eitlen

164 2702 441 2795 Erdichtungen
467 2698 655 2793 gleichen‚
671 2698 737 2772 wie
752 2700 805 2772 sie
820 2699 974 2773 Dichter
987 2704 1063 2774 und
1078 2703 1359 2800 Logographen

165 2833 259 2905 nach
286 2832 356 2903 Art
384 2832 450 2902 der
478 2828 641 2924 Spinnen
669 2832 1014 2903 zusammenweben
1034 2832 1110 2904 und
1125 2833 1360 2919 ausdehnen‚

163 2961 284 3034 indem
320 2960 371 3034 sie
407 2959 611 3055 grundlose
645 2959 762 3032 Stoffe
799 2985 867 3033 aus
903 2960 979 3034 sich
1012 2963 1127 3034 selbst
1154 2988 1361 3058 erzeugen,

163 3069 323 3164 sondern
353 3116 421 3162 nur
448 3088 568 3184 einige
598 3088 843 3163 wunderIiche
871 3091 1133 3186 Erzahlungen
1161 3093 1237 3163 und
1266 3095 1362 3167 Dar-

163 3221 374 3316 stellungen
423 3245 498 3292 von
548 3217 820 3292 Erreichnissen
871 3222 1077 3306 enthalten,
1127 3223 1194 3295 das
1249 3223 1363 3298 siehst

170 3354 220 3424 du
247 3351 393 3424 selbst.''
1359 3357 1361 3363 '

221 3483 441 3578 Χαμαιλέιυ
453 3509 486 3575 ν,
508 3480 659 3551 lacertae
672 3506 804 3575 genus,
818 3478 973 3552 subinde
998 3494 1035 3553 et
1058 3483 1178 3554 cauda
1193 3496 1231 3555 et
1246 3484 1363 3557 ocuh's

166 3626 203 3683 et
236 3625 315 3683 toto
353 3634 510 3704 corpore
548 3609 709 3682 colorem
746 3622 909 3696 mutans,
946 3612 1179 3708 reddensque
1214 3637 1363 3710 semper

167 3766 277 3836 quem
323 3739 486 3835 proxime
524 3738 688 3834 attingit,
723 3753 871 3835 praeter
907 3744 1056 3813 rubrum
1089 3741 1361 3840 candidumque

169 3870 233 3968 (cf.
270 3869 357 3941 Plin.
396 3869 488 3943 Hist.
516 3869 601 3941 Nat.
631 3869 732 3955 VIII,
763 3864 819 3962 5‘1.
853 3870 946 3943 Plut.
975 3870 1127 3962 Quaest.
1155 3872 1239 3945 Nat.
1270 3899 1360 3971 pag.
1401 3927 1404 3932 ·

168 4004 241 4090 916
270 4000 309 4070 F.
338 3998 480 4071 Aelian.
498 3999 584 4071 Nat.
607 3997 727 4070 Anim.
744 4000 794 4086 II,
815 3999 884 4098 14),
901 4001 1214 4097 comparationem
1229 4020 1358 4077 nostro
