2834 4964
678 262 722 331 73

147 443 302 545 Ῥοπή,
328 446 475 542 proprie
504 449 773 519 inclinationem
793 450 906 521 lancis
932 448 1158 544 significans,
1178 476 1288 525 sensu

87 575 275 650 translato
302 602 370 672 pro
398 576 526 672 quavis
543 576 772 651 inclinatione
790 579 938 674 ponitur
955 579 1057 652 velut
1070 605 1158 676 pag.
1174 591 1220 654 02
1239 584 1289 669 B„

92 703 163 778 ubi
203 707 251 778 de
291 706 482 779 adulatore
522 706 696 801 legimus:
738 715 782 806 τῇ
820 711 942 806 χείρονι
982 714 1070 807 ῥοπῇ
1108 713 1293 810 πμοςτιθείς

93 836 228 909 ἑαυτόν.
282 836 322 907 In
349 835 425 909 vita
452 836 665 909 Artaxerxis
692 862 722 910 c.
751 859 801 927 30
827 860 915 931 pag.
950 858 1043 927 1027
1074 838 1113 910 B.
1140 840 1187 912 de
1208 865 1297 913 sene

91 965 305 1038 Artaxerxe
332 964 479 1039 dicitur:
516 968 558 1064 ἦν
586 968 645 1062 μὲν
672 967 726 1039 οὖν
761 968 817 1038 ἐπί
844 973 983 1065 σμικροῖς
1010 971 1113 1066 ῥοπῆς
1140 968 1297 1069 ὁἈρτα-

94 1096 217 1192 Εέρξης
243 1095 297 1167 διὰ
323 1092 361 1168 τὸ
386 1104 510 1194 γῆρας,
544 1093 564 1165 i.
593 1119 623 1167 e.
652 1093 796 1166 minimo
832 1094 881 1166 ad
917 1108 1070 1167 mortem
1104 1094 1298 1193 indigebat

96 1237 298 1296 momento
354 1223 406 1296 cf.
452 1223 565 1320 Soph.
607 1223 701 1297 Oed.
743 1225 839 1319 Reg.
881 1230 976 1315 961:
1013 1227 1134 1326 σμικρὰ
1168 1229 1299 1300 παλαιὰ

93 1349 231 1447 σώματ’
257 1356 386 1436 sonate
414 1357 512 1454 ῥοπή.
542 1355 663 1427 Sensu
691 1359 861 1426 momenti
885 1353 994 1426 etiarn
1023 1354 1182 1428 occurrit
1208 1380 1296 1450 pag.

99 1504 178 1572 323
208 1482 272 1553 A:
316 1486 447 1582 μεγάλη
489 1487 575 1583 ῥοπὴ
615 1490 638 1582 ἡ
669 1484 757 1583 τύχη
784 1488 883 1556 ἐστίν.
938 1483 989 1556 Cf.
1018 1493 1125 1580 *pag
1160 1509 1201 1557 12
1233 1487 1279 1557 D.

101 1617 183 1701 346
212 1612 270 1694 E„
304 1617 377 1705 598
406 1612 444 1686 C.

156 1740 438 1842 Ὀξύρροπος,
471 1742 715 1825 vocabulum,
757 1742 904 1838 proprie
945 1745 992 1816 de
1020 1744 1174 1831 trutina,
1203 1770 1300 1840 quae

95 1869 210 1943 facile
246 1872 318 1944 huc
353 1871 437 1945 illuc
464 1872 665 1956 inclinatur,
704 1852 867 1959 dictum,'
891 1874 938 1946 de
965 1874 1172 1948 hominibus
1199 1899 1301 1947 usur-

96 2014 232 2096 patum
259 2001 460 2075 invenimus
485 2002 521 2074 in
548 2002 621 2075 vita
649 2002 779 2075 Dionis
814 2027 902 2098 pag.
931 2009 979 2094 96
985 2026 1003 2098 5
1035 2004 1093 2087 C„
1122 2004 1156 2075 in
1182 2029 1299 2077 mora-

98 2130 201 2204 libus
226 2134 336 2227 *pag
372 2155 438 2223 103
456 2133 507 2219 F.
536 2137 611 2224 380
625 2134 681 2218 Α,
711 2139 783 2223 642
800 2133 856 2219 A,
886 2155 955 2226 951
976 2134 1022 2204 D.

156 2261 348 2356 Frequens
384 2276 441 2335 est
477 2264 577 2358 apud
613 2262 825 2358 scriptorem
862 2277 1026 2337 nostrum
1054 2263 1300 2360 comparatio:

100 2395 161 2472 ὡς
188 2394 259 2464 ἐπὶ
293 2395 589 2490 πλάστιγγος,
626 2396 772 2492 ὥσπερ
808 2396 880 2465 έπί
913 2395 1063 2490 ζυγοῦ,
1096 2395 1301 2492 καθάπερ

99 2520 369 2617 πλάστιγγα.
436 2519 496 2593 Sic
549 2522 658 2617 *pag
719 2546 757 2593 11
816 2522 863 2593 D.
917 2521 983 2593 ait:
1037 2524 1119 2620 τῇδε
1166 2526 1301 2594 κάκεῖσε

100 2652 330 2746 μετακλίνων,
358 2656 404 2731 ὡς
431 2653 486 2724 ἐπὶ
508 2652 723 2747 πλάστιγγος,
742 2648 822 2750 προς
842 2651 1011 2748 οὐδέτερον
1030 2652 1128 2748 ῥέψαι
1146 2650 1299 2745 δύναμαι.

102 2775 204 2850 Vide
231 2777 340 2851 etiam
366 2804 454 2875 pag.
486 2785 531 2870 76
561 2780 613 2862 E„
647 2803 688 2851 21
722 2781 768 2850 D.

157 2908 251 3004 Pag.
286 2915 336 3000 48
341 2932 361 3003 5
399 2910 439 2982 F.
476 2909 561 2983 dicit
595 2912 726 2983 fratres
753 2908 918 2982 lancibus
944 2908 979 2980 in
1006 2908 1142 2981 trutina
1170 2907 1301 2980 similes

99 3062 189 3111 esse
217 3064 289 3112 non
318 3050 506 3135 oportere,
532 3039 597 3126 ita,
617 3053 658 3113 ut
684 3040 801 3113 altero
829 3039 927 3111 elato
946 3039 1039 3110 alter
1057 3037 1300 3134 deprimatur:

102 3171 248 3267 ἀδελφῷ
273 3172 310 3243 δὲ
333 3172 401 3269 χρὴ
430 3173 477 3268 μὴ
504 3171 658 3269 καθάπερ
685 3171 869 3265 πλάστιγγα
896 3172 1007 3266 ῥέπειν
1026 3170 1081 3240 έπί
1099 3170 1300 3262 τούναντίον,

102 3301 292 3396 ὑψουμένου
317 3299 573 3394 ταπεινούμενον
601 3301 712 3370 αὐτόν.

161 3433 288 3509 Lectio
316 3439 501 3535 ὑψουμένου
528 3461 602 3508 non
630 3460 721 3508 sana
758 3459 839 3507 esse
867 3432 1017 3505 videtur.
1072 3430 1303 3527 Requirimus

100 3565 314 3640 subiectum
349 3564 454 3639 huius
489 3565 652 3662 genetivi
687 3563 854 3638 absoluti.
909 3564 949 3633 ln
987 3560 1212 3657 cogitatione
1245 3569 1303 3634 τοῦ

100 3700 236 3795 ἑτέρου
257 3695 334 3769 sive
369 3704 427 3770 τοῦ
463 3698 609 3794 ἀδελφοῦ
645 3695 831 3791 supplere,
868 3717 953 3765 num
994 3691 1122 3778 liceat,
1163 3689 1301 3763 dubito.

102 3825 222 3898 Certe
255 3825 337 3898 talis
372 3823 518 3898 omissio
553 3824 640 3897 satis
676 3849 760 3896 rara
796 3836 861 3897 est.
917 3822 1039 3914 Quam
1073 3823 1123 3893 ob
1151 3845 1302 3893 causam

101 3954 195 4029 mihi
220 3954 345 4029 melius
379 3954 524 4030 videtur
551 3979 634 4027 cum
661 3952 887 4027 Bernardaki
914 3951 1088 4025 scribere:
1129 3952 1306 4048 ὑψουμένῳ

101 4086 258 4181 virgula
295 4085 517 4181 transposita
561 4098 647 4180 post
687 4087 873 4183 ὑψουμένῳ.
942 4082 1036 4152 Turn
1077 4075 1306 4152 constructio

101 4219 207 4290 haec
232 4229 302 4289 est:
330 4219 396 4316 χρὴ
425 4218 472 4314 μὴ
500 4214 755 4309 ταπεινούμενον
784 4208 881 4284 αὐτὸν
908 4214 1018 4309 ῥέπειν
1046 4210 1100 4281 ἐπὶ
1118 4209 1304 4280 τούναντίον

102 4349 286 4446 ὃψουμένῳ
312 4346 461 4442 ἀδελφῷ.
