2834 4964
649 285 667 356 5

53 471 191 544 onibus
217 496 306 566 pag.
335 491 498 562 93-97,
553 471 746 543 Habemus
773 470 808 542 in
837 469 890 543 his
919 469 1080 566 quinque
1107 470 1254 565 paginis
1300 468 1319 494 ‘

56 627 133 673 non
170 600 288 673 minus
303 625 415 696 quam
450 600 579 695 viginti
610 600 916 696 comparationes.
984 601 1129 694 Nempe
1165 625 1254 696 pag.

56 754 106 820 93
148 729 186 802 C.
225 755 310 801 eum
342 730 427 825 qui,
464 755 547 802 cum
575 756 621 803 ne
645 755 757 802 unam
785 730 931 826 quidem
959 732 1100 802 firmam
1127 744 1255 804 teneat

55 859 273 945 amicitiam,
310 874 450 934 metuat
485 885 531 933 ne
562 860 775 956 imprudens
812 860 846 932 in
884 860 1028 956 copiam
1056 860 1255 933 amicorum
1348 901 1356 915 ·

54 989 213 1072 incidat,
253 1003 445 1084 comparat
482 1016 565 1063 cum
593 990 719 1063 mutilo
747 1015 911 1063 caecove
939 990 1080 1086 aliquo,
1114 989 1256 1064 verenti

57 1145 106 1191 ne
143 1119 176 1190 in
215 1120 460 1192 centimanum
497 1122 634 1193 evadat
669 1119 857 1193 Briareum
885 1134 950 1192 aut
982 1121 1130 1215 Argum
1156 1118 1254 1192 illum

54 1250 250 1321 oculorum
292 1249 518 1322 multitudine
559 1249 728 1322 nobilem.
785 1249 858 1322 Hic
894 1275 1004 1323 nemo
1037 1249 1254 1344 comparati-

45 1405 170 1465 onem
220 1379 461 1465 desiderabit;
512 1396 551 1453 at
598 1379 628 1453 si
667 1380 816 1453 omnino
858 1379 1014 1474 scriptor
1053 1378 1257 1474 adiungere

58 1509 259 1595 voluisset,
278 1511 492 1605 quaerenda
511 1510 544 1582 ei
558 1509 684 1584 suisset
697 1510 850 1605 gravior
864 1509 986 1605 aliqua
1000 1523 1038 1581 et
1051 1509 1258 1603 elegantior

41 1639 291 1739 comparatio
337 1641 386 1711 ad
426 1639 644 1712 sententiam
681 1641 895 1713 ornandam.
946 1640 1045 1710 ldern
1081 1639 1182 1711 valet
1209 1639 1256 1710 de
1341 1616 1344 1623 ’

58 1767 238 1863 plurimiS,
268 1793 365 1864 quae
393 1783 604 1865 sequuntur.
632 1771 723 1864 Pag.
749 1794 795 1861 93
823 1771 868 1841 D.
889 1768 1045 1842 studium
1060 1769 1255 1841 multorum

57 1897 263 1970 amicorum
308 1898 614 1994 acquirendorum
660 1925 743 1972 cum
778 1897 998 1971 inconstanti
1037 1899 1255 1972 lascivarum

58 2028 250 2100 mulierum
288 2053 414 2102 amore
452 2043 645 2126 comparat
658 2027 694 2126 1).
740 2029 824 2121 Qua
861 2043 984 2101 tamen
1007 2053 1081 2100 una
1109 2052 1256 2123 compa-

59 2158 204 2231 ratione
231 2158 288 2231 hic
317 2184 391 2231 non
420 2159 506 2233 satis
538 2159 715 2232 illustrata
742 2159 775 2231 ei
801 2159 946 2232 videtur
973 2157 1100 2230 oratio.
1127 2159 1255 2252 ltaque

61 2288 218 2359 alteram
245 2287 442 2382 imaginem
470 2287 655 2382 adiungit,
683 2313 769 2360 eum
800 2287 861 2383 qui
884 2287 1113 2382 cupidissime
1138 2312 1255 2360 novas

54 2415 236 2489 amicitias
263 2441 410 2511 semper
439 2431 592 2513 appetat
619 2418 873 2512 comparando
906 2441 989 2488 cum
1023 2416 1254 2513 Hypsipylae

59 2547 210 2618 alumno
238 2546 317 2632 illo,
346 2548 594 2633 ArchemorO,
623 2572 720 2619 nunc
747 2547 865 2632 hunc,
888 2572 986 2619 nunc
1010 2546 1108 2618 illum
1128 2548 1255 2618 florem

60 2696 217 2770 carpere
254 2675 431 2771 cupienti;
464 2702 552 2772 pag.
590 2701 636 2768 93
677 2678 718 2748 E.
756 2690 797 2748 ut
824 2690 880 2749 est
911 2701 1080 2749 sermone
1108 2675 1257 2771 simplici

57 2820 99 2877 et
126 2805 226 2876 tenui
253 2830 382 2901 parum
410 2820 624 2893 contentus,
651 2810 694 2879 ab
725 2811 831 2878 initio
859 2810 1013 2901 incipere
1035 2805 1256 2900 ambagibus

59 2935 245 3031 significat
280 2936 476 3008 scribendo
514 2939 627 3035 ὥσπερ
666 2937 721 3033 ἀφ’
750 2941 869 3015 ἑστίας.
927 2935 1114 3031 Deinceps
1142 2960 1255 3030 exag-

57 3080 196 3162 gerata
229 3079 267 3139 et
300 3065 517 3161 ineleganti,
553 3081 594 3137 ut
626 3065 708 3137 mihi
735 3064 882 3160 quidem
909 3065 1070 3151 videtur,
1098 3065 1256 3160 imagine

60 3199 112 3268 ab
140 3195 354 3268 animalibus
381 3195 513 3291 petita,
543 3194 734 3267 amicitiam
762 3194 895 3266 animal
924 3219 1005 3267 esse
1034 3194 1119 3267 dicit
1141 3194 1256 3267 socie-

60 3325 146 3398 tatis
174 3350 301 3398 amans
329 3338 367 3397 et
392 3350 550 3420 pascens
579 3350 662 3397 cum
686 3325 819 3407 altem,
841 3350 914 3396 non
929 3349 1019 3397 vero
1034 3323 1255 3408 armentale,

60 3472 103 3528 ut
129 3458 266 3542 boves,
294 3481 364 3528 nec
392 3457 568 3551 gregale,
597 3469 638 3527 ut
664 3455 859 3549 graculos;
887 3479 974 3549 pag.
1005 3478 1050 3545 93
1082 3455 1121 3526 F.
1145 3455 1256 3525 bene-

44 3586 260 3660 ·volentiam
297 3599 335 3658 et
361 3585 519 3681 gratiam
548 3610 631 3657 cum
655 3584 787 3658 virtute
813 3584 1045 3656 coniunctam
1064 3583 1256 3679 pecuniam

61 3730 192 3802 vocat,
253 3740 327 3811 qua
372 3715 477 3788 amici
522 3728 792 3809 comparantur.
866 3714 1049 3788 Continuo
1094 3712 1257 3808 sequitur

63 3845 291 3941 comparatio
320 3871 342 3918 a
372 3846 577 3918 fluminibus
609 3848 731 3918 ducta.
790 3845 997 3917 Amicitiam
1025 3844 1138 3930 enim,
1166 3843 1195 3916 si
1223 3842 1257 3912 in

62 3976 195 4048 multos
236 3975 446 4070 dissipetur,
496 4001 721 4049 evanescere
761 3975 865 4061 dicit,
903 3975 996 4048 sicut
1036 3998 1181 4058 amnes,
1222 3971 1256 4042 in

62 4107 198 4178 multos
230 4104 332 4178 divisi
361 4106 507 4192 alveoS,
534 4105 668 4178 inertes
696 4107 814 4177 fluunt
840 4129 885 4176 ac
913 4117 1061 4187 tenues;
1093 4126 1180 4197 pag.
1209 4125 1256 4191 94

102 4313 122 4369 1)
149 4313 231 4356 Verba
247 4320 371 4356 contextus
386 4313 436 4356 iure
453 4312 602 4356 offenderunt
617 4312 718 4357 criticos.
750 4312 845 4366 Quibus
861 4310 993 4354 rationibus
1009 4309 1118 4353 homines
1134 4309 1197 4352 docti
1213 4321 1263 4353 cor-

61 4393 168 4448 ruptelas
185 4404 270 4436 sanare
285 4392 367 4436 conati
382 4392 443 4444 sint,
459 4393 484 4435 in
500 4391 601 4448 singulis
616 4391 838 4447 comparationibus
853 4389 981 4434 tractandis
997 4401 1151 4445 exponemus.
