2834 4964
687 277 754 351 153

164 492 393 588 Legendum
426 490 592 565 videtur:
635 515 704 567 nec
740 489 959 565 dictatorem
993 500 1147 586 praetor
1187 515 1317 593 creare

98 635 283 718 poterat,
318 622 421 718 quod
457 645 658 717 numquam
694 634 781 695 ante
813 645 897 695 eam
923 620 1021 695 diem
1048 621 1185 695 factum
1214 636 1314 705 erat,

101 753 327 826 dictatorem
354 751 514 848 populus
541 750 683 845 creavit
710 763 780 824 etc.

668 958 765 1030 XIX.

171 1168 299 1242 Livius
334 1166 464 1254 XXII,
493 1190 536 1258 3,
565 1172 607 1239 6:
636 1180 674 1240 et
708 1166 817 1239 laeva
852 1165 980 1239 relicto
1007 1167 1113 1239 hoste
1141 1167 1319 1240 Faesulas

105 1313 249 1395 petens
286 1298 409 1371 medio
446 1296 613 1370 Etruriae
650 1320 746 1392 agro
781 1297 1002 1392 praedatum
1029 1296 1218 1392 profectus
1247 1312 1317 1370 etc.

170 1428 345 1500 Faesulas
378 1427 479 1500 haud
519 1426 632 1500 dubie
669 1425 835 1521 spurium
872 1439 935 1498 est.
978 1427 1196 1521 legendum
1241 1452 1318 1501 sus-

108 1559 238 1655 picor:
265 1558 462 1631 Mensulas,

675 1730 870 1835 XX..

172 1972 298 2047 Livius
333 1971 454 2057 XXII,
493 1977 556 2058 18,
594 1995 633 2042 2:
670 1970 753 2044 luce
792 1971 910 2067 prima
947 1973 1016 2044 sub
1054 1972 1144 2067 iugo
1183 1974 1318 2046 montis

112 2102 297 2200 proelium
324 2103 404 2189 fuit,
432 2126 507 2198 quo
535 2102 771 2175 interclusam
800 2126 823 2174 a
850 2102 925 2175 suis
951 2101 1071 2174 levem
1090 2116 1317 2175 armaturam

112 2234 226 2308 facile
245 2276 294 2286 -
313 2233 447 2306 etenim
475 2257 629 2306 numero
658 2232 887 2328 aliquantum
914 2234 1155 2328 praestabant
1174 2276 1223 2286 -
1244 2236 1318 2307 Ro-

113 2364 220 2437 mani
246 2360 513 2459 superassent‚'
531 2362 599 2434 nisi
627 2361 877 2457 Hispanorum
906 2362 1038 2435 cohors
1061 2364 1110 2434 ad
1134 2362 1171 2435 id
1197 2363 1317 2458 ipsum

112 2494 271 2567 remiSsa
298 2495 348 2566 ab
376 2491 589 2564 Hannibale
612 2496 839 2588 pervenisset.

174 2624 264 2698 Cum
292 2623 483 2698 Gronovio
511 2623 711 2717 legendum
741 2636 813 2695 est:
841 2627 1107 2718 supervenisset.

667 2831 768 2902 XXI.

173 3041 302 3116 Cicero
343 3066 411 3137 pro
453 3039 581 3113 Coelio
618 3040 637 3139 ξ
681 3064 738 3111 22.
795 3041 880 3113 Hoc
921 3065 968 3112 ex
1009 3065 1149 3134 genere
1189 3041 1218 3113 si
1256 3042 1319 3136 qui

116 3198 162 3247 se
189 3173 223 3245 in
251 3173 323 3245 hoc
349 3169 522 3244 iudicium
549 3171 642 3243 forte
669 3157 909 3266 proiecerint,
937 3170 1161 3243 excluditote
1187 3196 1318 3244 eorum

115 3303 375 3400 cupiditatem,
395 3302 553 3385 iudiceS,
575 3301 757 3396 sapientia
776 3314 914 3385 vestra;
937 3314 978 3372 ut
996 3302 1128 3373 eodem
1149 3315 1319 3397 ternpore

116 3447 159 3507 et
193 3432 298 3506 huius
334 3432 443 3506 saluti
470 3445 508 3504 et
535 3430 703 3526 religioni
741 3443 887 3504 vestrae
915 3444 952 3503 et
980 3445 1108 3504 contra
1135 3432 1319 3527 periculo-

114 3563 278 3638 sissimas
314 3563 501 3636 hominurn
530 3565 712 3657 potentias
749 3560 957 3634 condicioni
993 3561 1153 3633 omnium
1182 3561 1317 3634 ciuium

115 3691 323 3790 providisse
351 3690 552 3765 videamini.

173 3824 298 3918 Lege:
327 3826 562 3918 impotentias.

661 4031 779 4102 XXII.

174 4241 327 4314 Tacitus
369 4241 508 4314 Histor.
537 4241 570 4327 Ι,
611 4262 675 4331 71:
719 4240 819 4314 Otho
859 4239 1000 4311 interim
1041 4252 1170 4311 contra
1212 4264 1316 4334 spem

116 4369 282 4446 omnium
323 4396 396 4443 non
439 4371 578 4443 deliciis
618 4396 687 4443 nec
723 4370 866 4443 desidia
906 4383 1136 4466 torpescere:
1177 4369 1315 4442 dilatae
