2834 4964
646 311 688 377 19

63 520 98 567 c.
140 519 187 586 42
227 519 315 589 pag.
355 516 427 586 519
465 495 523 580 Ε,
560 493 622 566 ubi
658 495 789 567 domus
827 495 967 567 Luculli
1001 496 1195 592 hospitium
1222 512 1262 571 et

64 638 286 721 prytaneum
328 623 575 708 Graecorum,
617 625 775 696 Romam
811 624 1050 712 venientium,
1084 642 1259 701 vocatur:

63 759 120 828 καί
160 755 243 835 ύλως
280 758 371 826 έστία
405 757 457 827 καί
493 764 681 853 πρυτανεῖον
717 751 908 853 Ἑλληνικδν
942 761 1065 837 ύοίκος
1092 760 1133 855 ἦν
1161 760 1259 830 αὐτοῦ

63 893 132 964 τοῖς
159 886 404 980 ἀφικνουμένοις
432 887 477 962 εἰς
505 879 653 980 Ῥώμην.

119 1021 346 1109 Admodum
370 1020 543 1116 frequens
578 1033 635 1092 est
670 1020 771 1114 apud
797 1019 1033 1093 Plutarchum
1060 1047 1149 1094 usus
1175 1048 1259 1117 pro-

66 1150 182 1223 verbii
210 1150 273 1248 ἀρ’
302 1153 452 1229 ἑστίας
480 1149 723 1248 άρχεσθαι,
751 1151 854 1244 quod
881 1149 1065 1245 significat
1084 1179 1158 1223 rem
1179 1153 1261 1223 inde

64 1311 88 1352 ο
109 1284 294 1376 principio
330 1289 364 1349 et
399 1281 505 1349 initio
541 1287 701 1372 repetere.
755 1281 923 1352 Adnotat
957 1281 1161 1376 Gregorius
1190 1283 1259 1378 Cy-

64 1411 182 1519 prius
202 1410 304 1483 Cent.
339 1409 363 1479 I.
392 1414 451 1498 63.
489 1406 588 1504 (vide
625 1407 734 1502 Corp.
766 1410 932 1483 Paroem.
961 1411 1093 1484 Graec.
1121 1426 1206 1484 tom.
1238 1436 1255 1483 2

64 1565 154 1636 pag.
192 1543 256 1632 62)
286 1538 433 1610 adhoc
461 1536 714 1631 proverbium:
754 1541 924 1632 ,ἐπὶτῶν
951 1543 985 1611 ἐν
1013 1542 1147 1635 δυνάμει
1173 1568 1260 1637 γενο-

65 1674 173 1766 μένων
199 1671 428 1767 καίπρύιτους
456 1667 649 1738 ἀδικούντων
676 1667 749 1747 τούς
777 1671 928 1763 οἰκείους,
956 1671 1029 1740 ἐπεί
1055 1669 1133 1749 ’ἔθος
1157 1672 1198 1767 ἦν
1216 1679 1260 1768 tq*

64 1796 180 1894 Ἑστίᾳ
215 1800 333 1896 πρώτη
368 1806 434 1868 τῶν
470 1797 578 1867 ἀλλων
614 1795 703 1866 θεῶν
740 1795 841 1867 θύειν·
879 1800 1014 1895 φέρεται
1050 1799 1086 1868 δέ
1112 1825 1158 1877 τις
1185 1800 1260 1896 περί

64 1930 168 2024 αὐτῆς
209 1925 312 2021 μῦθος
352 1932 505 2004 τοιοῦτος·
547 1924 630 2018 μετὰ
670 1925 730 2022 γὰρ
770 1928 807 1995 τδ
847 1924 1073 2023 καταλυθῆναι
1107 1928 1259 2023 τὴντῶν

64 2055 210 2127 Τιτάνων
255 2056 361 2152 ἀρχὴν
406 2080 486 2149 φασι
525 2056 579 2124 τδν
618 2051 679 2124 Δία
719 2055 779 2149 τὴν
821 2053 988 2153 βασιλείαν
1028 2055 1255 2149 διαδεξάμενον

59 2186 234 2281 ἐπιτρέψαι
261 2191 304 2280 τῇ
330 2179 445 2276 Ἑστίᾳ
471 2181 583 2280 λαβεῖν
611 2180 658 2251 ύτι
686 2183 724 2252 ἂν
753 2181 910 2281 βούλοιτο·
938 2184 998 2278 τὴν
1026 2183 1062 2252 δὲ
1088 2185 1147 2280 τὴν
1175 2210 1255 2281 παρ-

59 2313 173 2384 θενίαν
214 2310 416 2409 αἰτήσασθαι
455 2312 508 2381 καί
547 2310 604 2388 τὰς
645 2310 799 2408 ἀπαρχάς
839 2310 929 2408 παρὰ
964 2320 1029 2381 τῶν
1057 2310 1253 2410 ἀνθρώπων.

59 2440 113 2514 Cf.
141 2442 276 2513 Zenob.
305 2440 328 2511 Ι.
348 2462 412 2529 40,
432 2463 605 2533 quaeque
624 2436 673 2509 ibi
691 2439 915 2511 adnotarunt
934 2438 1110 2511 editores:
1139 2439 1255 2534 Apud

59 2584 226 2669 nostrum
263 2571 398 2666 legitur
433 2596 467 2642 v.
496 2586 544 2641 c'.:
581 2593 670 2663 pag.
708 2593 754 2660 93
786 2570 852 2653 D.‚
884 2591 955 2660 549
984 2571 1041 2656 E„
1069 2571 1165 2663 *856
1195 2569 1252 2655 C„

59 2725 138 2792 920
167 2703 224 2786 F.,
253 2707 327 2792 948
357 2702 417 2788 13„
445 2704 566 2790 *1074
588 2700 628 2770 E.

113 2830 435 2929 Παραπέτασμα,
465 2831 597 2915 velum,
622 2827 805 2924 (Belgiccz
825 2830 988 2927 gordum)
1012 2855 1122 2902 sensu
1137 2845 1253 2903 trans·

57 2963 135 3033 lato
159 2959 326 3046 adhibet,
350 2985 436 3055 pag.
461 2984 506 3051 ιιι
528 2962 585 3043 D„
606 2959 669 3030 ubi
683 2958 868 3053 sophistae
884 2959 1053 3032 dicuntur
1067 2960 1252 3033 vocabula

56 3105 247 3187 tamquam
274 3089 359 3162 vela
385 3090 571 3163 sententiis
599 3090 821 3161 obtendere:
854 3099 919 3169 τοῖς
947 3092 1082 3184 ὀνόμασι
1109 3101 1252 3189 χρῶνται

55 3221 337 3319 παραπετάσμασι
364 3230 429 3292 τῶν
457 3222 696 3318 διανοημάτων.
738 3220 777 3289 In
806 3217 1050 3313 disputatione
1070 3219 1116 3290 dc
1144 3218 1252 3290 animi

56 3349 334 3445 tranquillitate,
350 3374 437 3444 pag.
457 3371 528 3440 471
548 3350 595 3421 A.
610 3349 710 3422 simili
724 3349 961 3421 translatione
976 3348 1132 3444 scriptor
1146 3349 1249 3422 dicit:

55 3482 106 3576 μὴ
137 3482 230 3574 μύνον
267 3481 327 3578 ύρα
353 3481 393 3550 τά
427 3481 563 3578 λαμπρὰ
589 3482 641 3551 καί
668 3481 708 3551 τὰ
735 3482 918 3582 περιβόητα
945 3489 1010 3550 τῶν
1038 3481 1249 3576 ζηλουμένων

57 3612 121 3680 ύπδ
150 3616 207 3678 σοῦ
234 3611 287 3680 καί
314 3608 594 3704 θαυμαζομένων,
626 3608 696 3679 ἀλλ’
724 3608 933 3705 ἀνακαλύψας
960 3609 1013 3679 καλ
1040 3609 1248 3703 διαστείλας,

57 3739 171 3835 ὥσπερ
199 3736 342 3834 ἀνθηρδν
369 3740 635 3835 παραπέτασμα,
663 3739 722 3833 τὴν
750 3738 844 3816 δόξαν
863 3738 970 3807 αὐτῶν
985 3738 1037 3807 καλ
1055 3738 1114 3832 τὴν
1133 3737 1249 3831 ἐπιψά-

55 3892 165 3959 νειαν,
201 3868 290 3944 ἐντδς
326 3873 419 3960 γενοῦ
455 3867 508 3936 καί
543 3867 676 3962 κατόψει
712 3864 820 3935 πολλὰ
856 3865 1000 3962 δυσχερῆ
1037 3866 1089 3935 καί
1124 3864 1248 3943 πολλὰς
1327 3959 1331 3968 .

53 3995 175 4091 ἀηδίας
203 3992 336 4072 ἐνούσας
364 3995 483 4073 αύτοίς.

83 4123 226 4193 Eodem
255 4122 367 4194 modo
395 4123 725 4220 παρακάλυμμα
761 4119 1010 4216 metaphorice
1038 4119 1185 4214 ponitur
1211 4120 1246 4191 in

54 4252 131 4325 vita
166 4251 379 4346 Poplicolae
417 4276 446 4322 c.
476 4275 495 4340 3
535 4274 623 4344 pag.
661 4256 709 4340 98
746 4251 807 4336 E,
848 4249 911 4322 ubi
947 4252 1081 4322 Brutus
1119 4250 1248 4322 dicitur
1351 4333 1354 4338 .

53 4383 128 4480 τῇδ’
143 4384 319 4484 ἀβελτερίᾳ
346 4382 587 4479 προςποιήματι
615 4382 667 4452 καλ
690 4381 968 4479 παρακαλύμματι
992 4380 1092 4451 πολύν
1116 4383 1247 4479 χρόνον,
