2834 4964
669 217 735 265 122

102 419 231 489 matur,
270 405 319 475 ob
355 401 541 475 levitatem
578 401 718 474 suberis
753 399 867 473 instar
902 425 1046 473 sursum
1079 426 1120 473 se
1147 403 1309 479 efferat:

103 537 155 607 δεῖ
186 536 222 606 τδ
259 542 357 630 σῶμα
392 534 557 630 διατηρεῖν
592 533 765 626 εδσταλές,
801 531 911 626 δπιυς,
948 532 1007 602 κᾶν
1042 530 1170 627 πιεσθῇ
1194 535 1307 631 πότε,

101 665 224 760 φελλοῦ
252 664 345 759 δίκην
374 663 437 733 ὑπδ
465 662 667 757 κουφότητος
695 661 914 757 ἀναφέρηται.

156 787 252 863 ’Ata
260 819 305 889 η,
340 792 424 861 alut.
478 788 594 860 Aroes
629 787 707 860 suci
743 784 924 860 acerbitas
960 787 1228 882 comparationi
1267 788 1304 860 in-

105 919 217 995 servit
242 944 331 1015 pag.
366 943 431 1010 141
463 919 522 990 F.:
552 920 604 990 δεῖ
627 919 688 1016 γὰρ
716 921 799 989 εἶναι
832 924 892 1014 τῆς
920 918 1167 1015 οἰκοδεσποίνης
1185 919 1299 1017 ὥσπερ

104 1054 191 1122 οἴνου
218 1052 254 1121 τδ
282 1051 444 1146 αὐστηρδν
475 1050 642 1145 ὠφέλιμον
667 1047 721 1118 καλ
747 1045 822 1143 ηδά,
849 1046 897 1142 μὴ
916 1047 1030 1144 πικρδν
1051 1046 1165 1144 ὥσπερ
1184 1047 1294 1142 ἀλόης.

157 1180 249 1273 Pag.
278 1183 351 1267 607
373 1178 413 1248 E.
449 1175 483 1248 in
521 1174 766 1270 disputatione
803 1175 850 1246 de
877 1172 981 1245 exilio
1018 1155 1106 1246 dicit
1140 1173 1291 1268 philoso-

103 1309 197 1403 phus
225 1307 402 1404 animam,
431 1305 516 1402 quia
543 1331 617 1378 non
645 1304 904 1389 reminiscatur,
933 1329 980 1376 ex
997 1317 1140 1399 quanto
1159 1305 1286 1376 honore

104 1451 141 1511 et
177 1451 317 1532 quanta
353 1436 530 1510 beatitate
558 1433 837 1529 demigraverit‚
876 1435 923 1505 de
953 1433 1060 1505 coelo
1087 1447 1126 1506 et
1152 1430 1282 1505 lunain

105 1583 239 1640 terram
268 1582 306 1639 et
324 1581 533 1640 terrestrem
552 1565 662 1638 vitam
682 1566 862 1649 delatam,
882 1588 965 1636 eum
984 1561 1158 1658 exiguum
1177 1564 1281 1635 locum

105 1697 153 1770 ibi
180 1697 251 1769 alio
266 1698 350 1770 loco
366 1695 578 1782 mutaverit,
593 1720 708 1790 aegre
727 1695 821 1767 ferre
836 1692 1073 1766 mutationem
1094 1702 1284 1788 comparat·

106 1853 178 1922 que
206 1853 288 1899 eam
314 1852 396 1899 cum
418 1828 565 1923 planta,
580 1825 816 1898 translatione
831 1824 940 1896 alium
955 1822 989 1894 in
1005 1824 1128 1896 locum
1143 1845 1287 1896 emares-

109 1957 223 2030 centi:
252 1954 315 2028 εἶθ’
333 1962 356 2055 η
376 1959 466 2056 ψυχὴ
495 1958 548 2029 διὰ
574 1960 611 2029 τδ
639 1958 686 2053 μὴ
715 1953 933 2052 μνημονεύειν
965 1955 1023 2047 ,ἐξ
1046 1955 1120 2051 οἵης
1141 1962 1234 2051 τιμῆς
1255 1975 1291 2022 τε

106 2090 160 2160 καλ
196 2089 294 2159 δσσου
328 2088 451 2184 μήκεος
486 2085 602 2184 etto&
638 2084 866 2181 μεθέστηκεν,
903 2085 939 2154 οδ
966 2082 1122 2181 Σάρδεων
1151 2077 1285 2179 Ἀθήνας

107 2218 182 2288 οὐδὲ
218 2214 384 2314 Κορίνθου
420 2214 555 2311 Λῆμνον
583 2217 606 2311 ἢ
635 2213 777 2311 Σκῦρον,
810 2206 882 2282 ἀλλ’
908 2213 1046 2309 οὐρανοῦ
1073 2211 1128 2281 καλ
1156 2211 1289 2308 σελήνης

107 2353 168 2442 γῆν
202 2346 415 2442 ἀμειψαμένη
449 2344 501 2414 καλ
529 2345 583 2413 τδν
621 2343 674 2413 ἐπὶ
709 2350 769 2439 γῆς
807 2341 893 2441 βίον,
930 2340 987 2411 ἐὰν
1016 2343 1128 2437 μικρδν
1159 2338 1293 2412 ἐνταῦθα

109 2475 208 2544 τόπον
238 2475 273 2542 ἐκ
300 2472 402 2543 τόπου
429 2471 639 2568 παραλλάξῃ,
668 2471 909 2565 δυσανασχετεῖ
932 2469 986 2540 καλ
1014 2468 1212 2563 ξενοπαθεῖ,
1247 2495 1296 2539 κα-

108 2601 218 2697 θάπερ
246 2601 345 2696 ρυτδν
374 2600 506 2695 ἀγεννὲς
534 2599 841 2696 ἀπομαραινομένη.
897 2596 957 2669 Sic
986 2594 1135 2669 codices
1153 2597 1296 2668 habent.

108 2727 287 2822 Displicet
314 2740 436 2799 tamen
465 2725 573 2798 lectio
603 2729 746 2823 ἀγεννές.
803 2726 886 2798 Nec
915 2726 1034 2821 magis
1053 2725 1190 2798 Reiskii
1218 2752 1298 2799 con-

107 2858 247 2930 iectura
263 2861 392 2953 εδηενές
407 2857 539 2952 placet.
574 2855 613 2929 Si
626 2870 726 2929 recte
741 2857 863 2951 locum
882 2857 1068 2951 intellego,
1081 2857 1300 2929 Plutarchus

108 2988 264 3060 animam
301 3001 588 3060 emarescentem
627 3012 699 3058 non
729 3012 811 3059 cum
840 2989 912 3059 vili
935 2988 1062 3082 planta
1091 3002 1301 3082 comparat,

108 3119 175 3191 sed
201 3117 325 3212 potius
354 3142 436 3189 curn
463 3118 590 3212 planta
618 3142 731 3212 quae,
759 3116 867 3189 alium
895 3117 928 3189 in
957 3118 1080 3189 locum
1108 3119 1302 3203 translata,

108 3272 276 3320 crescere
304 3262 342 3319 et
379 3249 512 3319 llorere
540 3271 613 3319 non
646 3262 788 3342 potest,
826 3249 891 3321 sed
919 3246 1120 3320 emarescit.
1176 3247 1304 3338 Quare

108 3377 309 3472 legendum
337 3401 418 3449 esse
447 3376 614 3472 suspicor
642 3380 741 3474 ρντδν
770 3380 965 3474 ἀλλογενές,
992 3377 1011 3449 i.
1031 3404 1061 3450 e.
1085 3378 1215 3472 planta
1236 3378 1306 3451 alio

109 3508 192 3581 loco
221 3506 358 3602 genita.

164 3639 283 3710 δοκέει
310 3637 345 3708 in
373 3636 447 3722 via,
476 3651 517 3709 ut
545 3651 672 3711 notum
701 3652 777 3724 est,
795 3637 948 3709 liberum
976 3637 1156 3711 incessum
1193 3638 1307 3734 impe-

109 3768 220 3840 diunt.
276 3769 387 3841 Unde
415 3767 543 3862 petivit
570 3767 787 3841 Plutarchus
813 3767 1010 3863 imaginem
1038 3793 1125 3864 pag.
1158 3790 1233 3859 709
1255 3771 1308 3855 Ε,

109 3897 172 3969 ubi
208 3897 293 3970 dicit
330 3899 464 3983 malos,
502 3912 641 3993 quanto
679 3898 798 3994 magis
826 3924 894 3972 nos
921 3899 1201 3994 apprehendere
1231 3913 1306 3970 stu-

109 4029 242 4112 deant,
279 4041 384 4100 tanto
420 4027 539 4123 magis
577 4028 732 4101 sentium
764 4029 877 4102 instar
904 4029 1130 4101 amoliendos
1158 4053 1242 4101 esse
1271 4043 1309 4101 et

108 4157 398 4230 transsiliendos:
427 4161 501 4240 τοὺς
529 4159 741 4258 μοχθηρούς,
769 4161 837 4259 ὅσιρ
867 4160 990 4255 μᾶλλον
1025 4159 1306 4258 ἐπιλαμβάνονται

111 4292 208 4384 ἡμῶν
248 4290 302 4359 καλ
342 4290 600 4384 συμπλέκονται,
640 4288 793 4386 καθάπερ
835 4288 968 4388 βάτους,
1009 4288 1223 4384 καθαιρετέον
1252 4288 1306 4359 καὶ
