2834 4964
674 242 722 328 38

154 444 214 518 Sic
254 445 302 518 de
341 443 550 517 introducta
589 445 674 517 loco
715 444 887 518 metricae
927 471 1038 541 prosa
1066 446 1307 521 orationein

101 575 283 648 tradenda
309 574 457 648 historia
484 587 523 647 et
540 573 768 670 philosophia
787 589 914 648 noster
930 571 1018 672 pag.
1038 583 1116 667 406
1138 578 1185 650 E.
1209 577 1308 651 dicit:

102 706 228 806 κατέβη
266 707 325 802 μὲν
352 707 418 777 ἀπο
444 715 510 776 τῶν
538 707 664 803 μέτρων
693 706 805 804 ὥσπερ
833 707 1013 803 ὀχημάτων
1040 711 1063 804 ἡ
1093 711 1232 806 ἱστορία
1259 710 1308 781 καλ

99 841 148 932 τῷ
180 835 274 932 πεζῷ
309 834 451 930 μάλιστα
486 839 542 904 τοῦ
579 831 753 928 μυθώδους
790 833 954 932 ἀπεκρίθη
982 838 1017 906 τὺ
1046 835 1195 934 ἀληθές.
1256 836 1307 910 Cf.

104 986 192 1057 pag.
227 985 297 1052 130
325 960 366 1034 C.

113 1249 131 1348 ξ
159 1254 191 1320 8.
246 1247 522 1319 METAPHORAE
550 1269 578 1318 A
604 1269 820 1319 vENAuouE
847 1271 894 1318 Er
919 1272 1024 1320 ARTE
1050 1271 1293 1324 PISCATORIA

608 1400 792 1449 suumn.

155 1611 368 1683 Admodum
404 1609 635 1706 frequentes,
673 1635 755 1682 cum
784 1612 884 1705 apud
910 1617 1062 1706 poetas,
1090 1587 1172 1693 tum
1203 1617 1305 1710 apud
1339 1676 1342 1687 .

102 1741 294 1835 pedestres
331 1739 489 1813 omnium
527 1754 733 1834 temporum
770 1740 966 1835 scriptores
1006 1742 1112 1815 huius
1150 1745 1306 1845 generis

103 1871 342 1965 metaphorae
359 1869 599 1943 inveniuntur.
638 1870 698 1943 Sic
718 1872 819 1966 apud
834 1885 998 1944 nostrum
1013 1873 1131 1970 ἄγρα,
1148 1881 1305 1962 venatio,

103 2025 212 2074 sensu
240 2001 416 2074 translato
444 2000 601 2096 positum
631 2000 788 2073 occurrit
814 2000 849 2072 in
876 2001 950 2074 vita
979 2001 1129 2075 Catonis
1149 2004 1306 2080 Minoris

104 2156 134 2204 c.
179 2155 222 2204 10
258 2156 345 2226 pag.
385 2138 454 2221 763
494 2132 566 2220 F.,'
591 2131 655 2204 ubi
681 2132 728 2203 de
757 2130 918 2217 Catone,
946 2131 1126 2227 speranti,
1155 2159 1199 2207 se
1231 2161 1303 2209 non

102 2260 279 2334 infelicem
306 2261 385 2334 fore
412 2260 447 2332 in
475 2260 708 2332 Athenodori
735 2260 890 2333 amicitia
917 2265 1192 2357 comparanda,
1213 2266 1306 2363 legi·

104 2416 200 2464 mus:
241 2391 402 2463 πιστευιυυ
439 2392 486 2487 μὴ
516 2392 694 2487 ἀτυχήσειν
721 2399 781 2489 τῆς
809 2392 930 2490 ἄγρας,
959 2391 1002 2464 cf.
1029 2391 1063 2463 in
1092 2391 1170 2466 vita
1200 2395 1304 2469 Bruti

104 2546 133 2593 c.
164 2543 212 2614 50
239 2545 326 2616 pag.
361 2539 454 2608 1007
485 2517 551 2602 Α.,
578 2542 666 2612 pag.
701 2526 794 2592 1008
822 2521 867 2592 A.

155 2649 407 2749 Onpdodut,
435 2652 581 2732 venari,
600 2631 757 2721 similiter
775 2664 887 2746 atque
907 2651 1107 2723 vernaculo
1126 2677 1303 2728 sermone

102 2782 257 2852 verbum
285 2779 438 2875 nayugen
465 2767 681 2872 usurpatum
708 2778 910 2852 invenimus
936 2804 1025 2875 pag.
1047 2786 1096 2871 48
1117 2781 1166 2853 A.
1185 2782 1304 2884 θηρώ-

103 2937 198 3005 μευος
227 2911 338 3004 δόξαν,
367 2907 410 2979 cf.
438 2932 529 3002 pag.
561 2929 607 3000 59
637 2908 678 2979 Ε.

154 3038 340 3110 dionem
376 3038 508 3110 eodem
546 3063 657 3111 sensu
693 3053 846 3133 usurpat
882 3064 971 3134 pag.
1017 3061 1082 3132 135
1123 3041 1166 3112 Ε.
1206 3044 1306 3125 δόξας

103 3169 267 3267 ἀκάρπους
294 3169 346 3239 καλ
374 3169 467 3247 κενὰς
496 3169 677 3248 διώκοντες.
727 3169 819 3263 Pag.
850 3171 957 3262 52B.
977 3170 1151 3242 adulator
1170 3171 1307 3245 dicitur

103 3296 315 3394 θηρεύειν
343 3300 424 3367 νέου.

155 3425 247 3496 Παλ
257 3452 273 3496 ε
284 3425 301 3495 ὑ
312 3451 328 3496 ε
340 3452 348 3495 ι
358 3453 391 3518 υ,
411 3423 559 3518 proprie
575 3451 653 3496 aves
667 3437 788 3521 capere
796 3439 864 3522 per
877 3429 1060 3500 allectores
1074 3427 1305 3523 significans,

102 3578 189 3650 pag.
233 3575 277 3646 52
321 3555 362 3625 B.
403 3554 449 3625 de
490 3554 701 3642 adulatore,
742 3556 833 3630 alios
874 3557 1086 3654 decipienti,
1128 3559 1302 3634 adhibet:

104 3689 120 3756 ὅ
147 3685 245 3764 κόλαξ
273 3687 402 3782 ἑτέρους
429 3684 577 3755 παλεύει.

154 3813 185 3884 ll
197 3839 212 3883 ε
224 3840 240 3911 ρ
253 3839 261 3882 ι
273 3812 407 3913 βάλλε
420 3840 453 3882 ιν
466 3868 474 3905 ,
497 3807 739 3885 circumiacere
757 3825 829 3885 rete
840 3819 998 3911 pzscz‘bur
1012 3818 1193 3910 wlferio,
1208 3843 1304 3914 pag.

104 3966 176 4033 342
217 3941 256 4014 C.
294 3941 340 4012 de
377 3939 524 4014 fortuna
557 3942 687 4016 dicitur
722 3945 925 4041 Philippum
962 3945 1158 4020 innumeris
1186 3973 1301 4022 occu-

103 4071 310 4167 pationibus
334 4069 592 4143 circumdanti:
620 4079 642 4172 ἡ
662 4074 746 4172 τύχη
767 4074 920 4174 Φιλίππῳ
941 4080 1055 4175 μυρίας
1080 4079 1304 4180 περίεβαλλευ

106 4202 273 4297 ἀσχολίας.

159 4329 243 4400 Huc
284 4354 432 4425 quoque
474 4328 653 4402 referendi
692 4345 777 4403 sunt
817 4331 903 4416 loci,
939 4332 1002 4404 ubi
1037 4338 1158 4431 ἴχνος
1186 4359 1301 4410 sensu
