2834 4964
678 242 724 325 76

103 443 219 516 monis
254 442 419 516 homiues
456 443 677 516 carminibus
704 443 900 538 metrisque
928 457 1139 516 uterentur:
1168 446 1297 546 ἀμοιβῇ

102 576 163 673 γὰρ
203 577 290 648 ἔοικε
329 575 529 669 νομίσματος
566 578 589 671 ἡ
629 579 686 647 τοῦ
722 575 820 670 λόγου
852 576 960 672 χρεία,
988 575 1043 646 καί
1071 575 1203 669 δόκιμον
1235 575 1294 669 μὲν

102 705 202 775 αὐτοῦ
229 702 267 775 τό
292 702 436 797 σοντγθές
464 704 534 776 ἐστι
561 702 615 772 καί
641 702 816 800 γνόιριμον,
844 702 949 797 ἀλλην
978 705 1012 772 έν
1041 702 1153 780 ἄλλοις
1167 703 1299 799 χρόνοις

102 830 196 928 ἰσχὺν
241 831 478 931 λαμβάνοντος·
523 832 565 926 ἧν
606 829 661 900 οὖν
702 830 757 901 ότε
796 831 893 925 λόγου
920 832 1115 925 νομίσμασιν
1146 833 1300 928 ἐχρῶντο

102 962 231 1058 μέτροις
258 959 313 1030 καί
340 960 456 1054 μέλεσι
483 958 537 1031 καί
565 953 677 1056 (ρ’δαῖς.
732 957 783 1030 Cf.
811 981 899 1052 pag.
930 979 1002 1050 599
1018 957 1060 1035 Ε.

154 1084 382 1185 Θησαυρός
417 1087 667 1183 metaphorice
694 1101 891 1182 usurpatur
922 1083 1031 1182 lpag.
1067 1111 1079 1158 1
1112 1087 1167 1158 B.:
1198 1088 1302 1167 καλός

102 1214 157 1286 οὖν
185 1218 371 1313 παρρησίας
399 1217 566 1316 θησαυρός
597 1220 760 1314 εὐγένεια

154 1343 245 1438 Peg.
260 1367 309 1434 44
326 1345 366 1415 B.
394 1368 513 1439 agens
527 1347 574 1418 de
597 1360 698 1422 reeta
719 1346 860 1418 ratione
875 1345 1058 1429 audiendi,
1077 1345 1302 1417 Plutarchus

105 1472 194 1545 dicit
220 1467 411 1547 molestum
440 1500 520 1548 esse
548 1476 752 1551 auditorem
776 1475 856 1570 qui,
880 1477 929 1548 ad
947 1478 1062 1548 totam
1091 1474 1303 1547 orationem

105 1602 285 1689 immotus¹
316 1604 460 1683 silentio
488 1619 525 1677 et
552 1605 678 1679 fictitia
705 1605 889 1700 gravitate
917 1619 1031 1700 atque
1057 1605 1186 1677 habitu
1223 1604 1304 1698 opi-

105 1732 251 1804 nionem
279 1733 479 1808 constantis
506 1735 751 1830 profundique
779 1735 934 1808 hominis
966 1748 1144 1816 venetur,
1184 1735 1305 1832 ὥσπερ

33 1952 36 1960 ,
103 1863 312 1960 χρημάτων,
356 1872 423 1938 τῶν
469 1867 614 1937 ἐπαίνων
659 1865 733 1937 ὅσον
778 1864 872 1963 άλλιρ
912 1866 1157 1961 μεταδίδωσιν,
1196 1865 1302 1934 αὑτοῦ

105 1991 210 2061 δοκῶν
238 1993 467 2091 ἀφαιρεῖσθαι.

155 2119 268 2214 *Peg
312 2126 380 2192 106
417 2121 456 2194 F.
492 2121 604 2194 vitam
638 2121 800 2194 debitum
827 2120 938 2195 fatale
966 2133 1096 2206 vocat,
1125 2119 1246 2213 quod,
1278 2144 1302 2190 a

104 2247 300 2330 maioribus
341 2250 474 2327 nostris
515 2265 764 2338 contractum,
805 2276 873 2324 nos
914 2250 1058 2323 solvere
1096 2251 1302 2322 debemus:

104 2382 201 2477 χρέος
236 2383 392 2478 μοιρίδιον
421 2384 507 2452 εἶναι
534 2384 667 2477 λέγεται
693 2385 731 2453 τδ
758 2383 837 2478 ζῆν,
866 2386 911 2461 ὡς
938 2379 1251 2475 ἀποδοθησόμενον,
1284 2383 1303 2451 δ

104 2508 316 2580 ἐδανείσαντο
342 2514 440 2606 ἡμῶν
469 2515 500 2580 οἳ
525 2511 741 2609 προπάτορες.
988 2601 991 2608 ¹

156 2637 196 2706 In
233 2634 308 2709 vita
346 2635 502 2710 Othonis
539 2662 569 2710 c.
610 2661 629 2708 2
668 2662 756 2732 pag.
799 2644 892 2728 1067
926 2639 971 2709 A.
999 2635 1085 2709 dicit
1112 2634 1302 2708 civitatem

104 2790 262 2860 poenam
290 2765 459 2862 Tigellini
484 2788 688 2863 exposcere
716 2773 761 2849 ὡς
788 2771 885 2867 χρέος
903 2769 1081 2864 δημόσιον,
1103 2765 1146 2838 cf.
1166 2763 1201 2835 in
1222 2765 1301 2839 vita

104 2894 206 2967 Bruti
234 2921 263 2968 c.
298 2919 342 2969 10
369 2922 457 2992 pag.
486 2903 559 2989 988
589 2899 636 2969 D.

156 3026 269 3121 *Pag
303 3033 372 3099 116
402 3029 441 3099 B.
470 3027 544 3101 vita
571 3053 654 3102 cum
682 3029 835 3100 deorum
859 3025 1028 3122 deposito
1048 3039 1301 3120 comparatur,

104 3157 205 3249 quod
241 3158 341 3252 apud
377 3183 463 3241 nos,
502 3172 543 3232 ut
579 3156 798 3244 mensarios
833 3171 889 3229 est
916 3154 1142 3252 depositum:
1171 3158 1299 3253 ἔχομεν

104 3286 165 3385 γὰρ
192 3290 230 3358 τδ
258 3288 339 3384 ζῆν,
368 3288 481 3388 ὥσπερ
507 3288 839 3388 παρακαταθεμένοις
865 3287 955 3366 θεοῖς
983 3288 1016 3367 ἐξ
1044 3287 1212 3381 ἀνάγκης,
1241 3288 1300 3358 καί

104 3414 219 3486 τοότου
255 3419 370 3514 χρόνος
398 3419 503 3498 οὐδείς
531 3420 618 3488 ἐστιν
647 3419 829 3515 ὡρισμένος
855 3421 915 3510 τῆς
942 3416 1153 3508 ἀποδόσεως,
1182 3413 1301 3514 ὥσπερ

105 3543 180 3614 οὐδὲ
215 3552 281 3624 τοῖς
316 3547 527 3644 τραπεζίταις
552 3552 613 3641 τῆς
638 3554 705 3617 τῶν
733 3544 912 3640 θεμάτων,
940 3543 1013 3614 ἀλλ’
1040 3543 1185 3638 ἄδηλον,
1214 3543 1297 3614 πόθ’

105 3675 121 3741 ό
149 3672 223 3752 δοὺς
250 3674 440 3769 ἀπαιτήσει.

156 3809 218 3880 Ad
245 3811 361 3884 verba
388 3812 719 3909 παρακαταθεμένοις
737 3809 828 3889 θεοῖς
846 3807 1039 3902 requiritur
1056 3807 1300 3893 vocabulum,

105 3937 409 4032 undependeant.
437 3935 745 4034 Wyttenbachius
759 3951 865 4033 putat
878 3937 1054 4010 excidisse
1065 3938 1301 4018 ἀποδώσοντες

105 4080 190 4160 post
217 4069 373 4167 ἀνάγκης.
427 4067 672 4142 Bernardakis
699 4066 820 4140 scribit
838 4069 928 4167 παρὰ
947 4069 1188 4163 καταθεμένοις
1205 4066 1302 4146 θεοῖς

107 4198 173 4271 Cui
212 4214 334 4272 tamen
374 4198 521 4272 lectioni
560 4197 741 4271 sententia
780 4196 851 4270 loci
892 4198 1024 4268 obstat.
1079 4195 1166 4266 Non
1194 4197 1302 4290 apud

108 4330 218 4424 de05,
245 4331 345 4424 opud
368 4357 430 4402 nos
456 4328 531 4403 vita
559 4343 615 4403 est
642 4327 819 4424 deposita.
847 4326 988 4424 Quare
1008 4324 1134 4398 melius
1152 4315 1304 4398 videtur
