2834 4964
633 258 674 329 51

108 447 242 540 Neque
285 443 507 517 omittendus
548 458 604 516 est
644 444 748 516 locus
783 443 818 515 in
854 443 930 516 vita
968 444 1091 517 Sullae
1127 469 1156 516 c.
1204 468 1251 534 29

50 600 144 671 pag.
173 596 250 665 470
270 575 330 654 D„
362 573 425 646 ubi
443 574 599 668 legimus
632 587 797 646 extremo
820 573 1017 646 certamine
1043 574 1253 647 Telesinum

55 704 280 790 Samnitem,
308 719 350 777 ut
377 704 539 776 athletae
567 703 664 776 fesso
691 704 885 777 instantem
913 704 1130 791 tertiarium,
1153 705 1253 776 haud

55 836 208 907 multum
237 834 395 907 abfuisse
424 833 510 929 quin
529 848 710 906 sterneret
725 834 864 907 Sullam
884 849 970 907 ante
990 834 1088 929 ipsas
1103 836 1252 935 Romae
1372 914 1375 919 ,

55 979 202 1060 portas:
247 968 302 1036 τδν
343 967 532 1036 τελευταῖον
580 966 694 1059 ἀγῶνα
733 966 887 1063 καθάπερ
933 967 1071 1064 ἔφεδρος
1114 966 1256 1062 ἀθλητη

55 1096 237 1190 καταπόνῳ
265 1093 499 1191 προςενεχθείς
526 1096 542 1162 ὁ
569 1092 733 1189 Σαυνίτης
762 1090 937 1173 Τελεσῖνος
964 1093 1058 1188 ἐγγὺς
1084 1094 1172 1190 ἦλθε
1195 1101 1253 1165 τοῖν

57 1224 187 1320 σφῆλαι
223 1221 278 1292 καί
313 1221 513 1320 καταβαλεῖν
542 1222 597 1292 τδν
625 1219 755 1292 Σύλλαν
789 1221 845 1292 ἐπί
874 1221 990 1319 θύραις
1016 1229 1076 1317 τῆς
1103 1218 1250 1319 Ῥώμης.

56 1350 111 1424 Cf.
140 1349 174 1421 in
203 1349 278 1421 vita
307 1337 475 1421 Caesaris
503 1373 532 1419 c.
565 1354 610 1420 28
638 1373 727 1442 pag.
760 1370 827 1438 721
854 1348 909 1435 C„
936 1348 968 1419 in
998 1349 1073 1421 vita
1100 1349 1253 1445 Pompei

57 1507 89 1554 e·
122 1502 166 1573 ss
197 1504 287 1574 pag·
312 1485 384 1568 647
407 1478 449 1548 E·

110 1612 203 1704 Pag.
235 1631 278 1701 57
301 1610 347 1681 D.
376 1632 399 1680 a
427 1606 568 1680 ratione
595 1607 758 1680 luctandi
786 1608 1012 1704 comparatio
1031 1609 1254 1705 deprompta

57 1755 125 1814 est.
180 1740 329 1814 Confert
364 1737 412 1810 ibi
444 1737 601 1832 scriptor
632 1739 865 1825 adulatores,
898 1739 960 1835 qui
990 1740 1050 1812 vel
1081 1765 1121 1813 se
1153 1740 1252 1835 ipsos
1363 1840 1368 1847 Ι

56 1871 304 1965 vituperando
332 1868 486 1940 aliorum
512 1867 760 1943 laudationem
790 1869 936 1965 assequi
955 1884 1152 1957 conantur,
1168 1896 1251 1943 cum

57 1999 316 2086 luctatoribus,
344 1997 407 2094 qui
434 2023 569 2093 corpus
597 2024 701 2071 suum
721 1999 915 2072 demittunt
932 2014 973 2072 ut
987 1999 1077 2074 alios
1091 2015 1251 2095 proster-

58 2144 165 2202 nant:
190 2135 236 2208 ὡς
254 2129 313 2227 γὰρ
342 2135 373 2200 οἱ
397 2129 579 2200 παλαισταί
611 2132 648 2200 τδ
676 2137 775 2224 σῶμα
806 2137 937 2201 ποιοῦσι
965 2133 1133 2224 ταπεινόν,
1161 2131 1251 2210 ὅπως

56 2263 190 2358 ἑτέρους
243 2258 502 2358 καταβάλωσιν,
557 2256 643 2328 οὕτω
692 2266 741 2355 τῷ
790 2261 900 2356 ψέγειν
949 2259 1085 2338 ἑαυτοὺς
1128 2263 1174 2340 εἰς
1213 2263 1251 2331 τδ

58 2387 243 2481 θαυμάζειν
280 2385 354 2480 τοὺς
380 2386 521 2483 πλησίον
550 2390 581 2457 οί
606 2387 743 2466 κόλακες
770 2389 994 2485 ὑπορρέουσιν.

109 2523 303 2607 Athletae,
332 2536 372 2593 ut
399 2535 526 2593 notum
555 2536 628 2608 est,
648 2538 732 2595 ante
760 2523 996 2597 luctationem
1020 2524 1251 2598 adversarios

56 2655 211 2748 pulvere
240 2677 491 2747 conspergere
520 2652 707 2740 solebant,
727 2679 803 2749 quo
823 2679 999 2749 corpora,
1026 2656 1109 2727 oleo
1129 2655 1251 2741 oblita,

56 2783 173 2856 minus
200 2781 341 2854 lubrica
365 2783 571 2855 redderent.
626 2782 698 2874 Qui
718 2809 798 2856 mos
818 2798 948 2857 nostro
967 2788 1062 2857 hanc
1081 2784 1252 2880 suggerit

57 2912 370 3008 comparationem
381 2937 469 3008 pag.
487 2919 534 3004 89
551 2915 616 2985 D.:
641 2921 671 2986 οἱ
684 2916 802 2987 πολλοί
816 2916 1082 3012 λοιδορηθέντες,
1097 2916 1250 3015 καθάπερ

54 3051 87 3117 οἱ
114 3046 312 3122 παλαίοντες
338 3045 400 3140 τὴν
429 3046 529 3137 κόνιν,
558 3046 618 3141 οὐχ
647 3048 775 3115 ἑαυτῶν
805 3045 959 3141 ἀποψῶσι
987 3044 1045 3124 τὰς
1071 3045 1250 3143 λοιδορίας,

57 3172 146 3244 ἀλλὰ
174 3172 423 3266 συμπάσσουσιν
452 3173 628 3269 ἀλλήλους.

110 3309 204 3402 Pag.
233 3314 282 3380 80
301 3308 341 3380 B.
371 3308 599 3403 comparatio
627 3323 684 3380 est
710 3310 823 3380 ducta
851 3333 873 3380 a
893 3310 1085 3405 pugilatu,
1113 3309 1147 3380 in
1175 3326 1251 3405 quo

56 3463 208 3534 pugnus
236 3439 295 3511 vel
323 3454 452 3511 caestu
478 3439 538 3512 vel
565 3439 638 3534 pila
666 3453 746 3511 erat
773 3453 944 3511 armatus.
1000 3439 1097 3511 Dicit
1119 3465 1250 3534 nempe

57 3569 163 3640 nobis
192 3568 498 3641 considerandum
527 3595 628 3656 esse,
647 3569 676 3642 si
694 3584 839 3642 nostros
858 3569 891 3640 in
912 3570 1044 3642 virtute
1063 3569 1253 3665 profectus

58 3697 279 3771 constituere
307 3699 478 3784 velimus,
506 3725 591 3771 num
620 3699 831 3772 desierimus
860 3699 1045 3773 orationes
1073 3701 1252 3772 adversus

55 3829 149 3901 alios
184 3829 287 3900 velut
314 3845 461 3902 caestus
489 3843 552 3901 aut
584 3829 676 3924 pilas
704 3829 809 3902 nobis
838 3829 1090 3925 circumligare
1118 3829 1250 3924 magis-

57 3984 131 4054 que
159 3957 400 4053 percutiendo
424 3973 460 4031 et
480 3959 681 4032 deiiciendo
704 3985 815 4055 quam
835 3959 1011 4033 discendo
1030 3961 1249 4032 docendove

57 4089 228 4184 gaudere
240 4113 247 4158 :
258 4092 447 4162 ἐπισκοπεῖν
463 4093 652 4187 ἀναγκαῖον,
664 4091 906 4185 εἰπεπαιίμεθα
916 4091 991 4170 τοὺς
1004 4093 1118 4186 λόγους
1138 4090 1250 4189 ὥσπερ

61 4220 202 4314 ἱμάντας
228 4221 251 4314 ἢ
279 4221 420 4316 σφαίρας
438 4218 667 4317 περιδοὺμενοι
685 4222 766 4317 πρδς
784 4219 949 4316 ἀλλήλους
967 4219 1022 4290 καί
1040 4227 1090 4316 τῷ
1107 4220 1252 4299 πατάξαι

59 4348 117 4419 καί
140 4348 342 4448 καταβαλεῖν
372 4349 495 4441 μᾶλλον
524 4349 616 4444 ἢτῷ
635 4347 755 4441 μαθεῖν
775 4374 805 4418 τι
832 4347 887 4418 καί
915 4347 1041 4428 διδάξαι
1068 4350 1252 4446 χαίροντες.
