2834 4964
591 248 602 262 '
667 268 733 334 1²3

106 454 304 554 ὒπερβοτέον
342 455 440 524 ἐστίν.
503 451 732 550 Καθαιρετέον
771 449 1046 548 Wyttenbachii
1072 465 1129 523 est
1156 449 1296 523 coniec-

109 603 206 667 tura,
231 607 253 654 a
280 582 463 654 Diibnero
490 595 660 675 recepta,
681 606 750 676 pro
778 581 943 654 codicum
972 585 1125 679 ἀναιρεῖν.
1155 580 1296 653 Madvi-

114 715 189 811 gius
222 712 378 784 Advers.
416 709 532 786 Critic.
574 735 661 806 pag.
705 716 799 803 654,
840 711 995 783 alterum
1027 710 1296 784 substantivum

118 868 189 917 cum
227 842 345 943 βάτους
385 840 683 936 coniungendum
723 839 758 911 in
800 843 942 939 ἀναιρεῖν
982 840 1097 913 latere
1142 856 1296 936 putam,

123 971 258 1046 coniecit
286 971 405 1071 βάτους
437 973 491 1044 καί
527 970 701 1070 ἀνθέρικας
736 968 901 1065 (aristas,
928 968 1064 1068 spicas)
1093 973 1296 1073 ὑπερβατέον

126 1106 204 1175 ἐστίν.
255 1100 293 1175 Si
330 1102 484 1173 alterum
521 1099 787 1173 substantivum
824 1099 1035 1196 requiritur,
1072 1099 1296 1196 praeferrem
1396 1190 1399 1196 β

129 1235 264 1330 ἀπαρίνας
299 1232 402 1328 quod
437 1230 546 1303 etiam
581 1255 669 1326 pag.
699 1254 745 1321 94
775 1232 815 1302 E.
853 1256 936 1303 cum
963 1231 1151 1304 vocabulo
1180 1232 1297 1334 βάτους

131 1362 337 1435 coniunctum
366 1360 532 1434 occurrit.
567 1360 633 1458 (καί
665 1361 726 1460 γὰρ
754 1362 919 1459 ἀπαρίνην
948 1363 1002 1433 καί
1030 1361 1129 1462 βάτον
1159 1363 1297 1455 ἐπιλαμ-

133 1491 290 1590 βανομένην
320 1463 546 1595 ὑπερβάντες).
607 1490 725 1562 Multo
763 1504 885 1561 tamen
922 1488 1059 1562 leniore
1096 1489 1296 1562 mutatione

132 1619 193 1692 mihi
225 1621 329 1693 locus
370 1621 557 1694 sanandus
598 1645 680 1693 esse
720 1620 864 1693 videtur
903 1621 1066 1715 legendo
1108 1623 1296 1718 ἀναιρετέον

133 1774 183 1844 pro
206 1753 357 1850 ἀναιρεῖν.

89 1869 92 1876 ’
171 1881 297 1953 Notum
326 1895 382 1954 est
410 1883 616 1967 dumetum,
644 1879 856 1976 germinans
874 1880 973 1952 iuxta
992 1879 1129 1954 sativas
1151 1881 1297 1975 herbaS,

132 2033 230 2082 earum
269 2012 496 2084 incremento
538 2011 731 2084 molestum
777 2036 867 2084 esse.
935 2011 1045 2083 Unde
1085 2010 1201 2105 petita
1242 2023 1298 2083 est

129 2137 247 2236 imagn,
276 2166 373 2236 quae
402 2141 580 2236 reperitur
607 2166 695 2236 pag.
710 2162 785 2232 497
802 2141 841 2218 C.
871 2140 1141 2236 Comparantur
1165 2165 1297 2235 nempe

130 2267 210 2349 vitia,
235 2271 368 2366 quibus
395 2297 499 2344 amor
525 2271 655 2367 prolis,
684 2286 816 2345 natura
843 2271 977 2343 homini
1003 2270 1144 2357 inditus,
1172 2270 1296 2343 debili-

129 2410 214 2486 tatur,
240 2427 324 2474 cum
350 2401 556 2488 fruticibus,
577 2401 715 2475 sativas
729 2401 829 2475 iuxta
841 2402 977 2474 herbas
990 2400 1296 2496 germinantibus:

128 2529 365 2631 ἐξαμαυροῦνται
391 2532 451 2631 γάρ
478 2540 581 2605 ταῦτα
609 2531 694 2631 (scil.
723 2558 827 2605 amor
853 2530 980 2629 prolis)
1000 2535 1062 2605 tut
1081 2540 1142 2628 τῆς
1161 2535 1297 2625 κακίας,

126 2657 219 2758 ὥσπερ
245 2662 376 2758 λόχμης
403 2664 539 2760 ἡμέροις
566 2665 732 2761 σπέρμασι
764 2650 1118 2765 παραβλαστανούσης.

167 2786 353 2878 Quaedam
402 2790 561 2876 herbae,
612 2816 695 2863 cum
736 2791 806 2864 sint
842 2817 908 2886 per
956 2816 996 2863 se
1037 2790 1221 2862 silvestres
1261 2803 1299 2860 et

121 2914 341 2991 incremento
366 2943 434 2991 suo
476 2935 635 2992 noceant
662 2921 894 2994 hortensibus
926 2920 1122 2993 seminibus
1150 2944 1194 2992 ac
1221 2919 1297 2991 stir-

120 3045 229 3142 pibus,
253 3051 302 3122 ab
334 3049 505 3145 agricolis
532 3064 655 3123 tamen
684 3077 751 3146 pro
780 3066 894 3124 certo·
910 3050 1040 3123 indicio
1069 3049 1136 3122 soli
1155 3048 1298 3144 egregii

119 3201 155 3250 ac
196 3178 342 3275 pinguis
382 3181 576 3253 habentur.
644 3181 824 3272 Qualibus
868 3206 951 3254 cum
994 3180 1116 3253 herbis
1157 3181 1297 3251 Plutar-

117 3308 197 3382 chus
222 3334 310 3405 pag.
341 3316 414 3403 528
452 3310 490 3384 C.
527 3310 669 3384 confert
695 3336 759 3384 eas
786 3311 894 3384 animi
921 3311 1154 3397 affectiones,
1183 3335 1297 3406 quae,

115 3463 189 3511 cum
229 3439 299 3513 sint
338 3440 440 3536 ipsae
468 3466 542 3513 non
576 3443 718 3525 bonae,
760 3441 895 3538 ingenii
932 3455 1054 3514 tamen
1092 3441 1180 3513 boni
1215 3454 1298 3513 sunt

111 3567 249 3642 indicia:
278 3575 350 3644 ἔνια
377 3581 444 3643 τῶν
473 3574 510 3643 ἐκ
537 3579 596 3669 τῆς
623 3580 683 3668 γῆς
711 3576 885 3669 φυομένων
913 3572 997 3644 αὐτὰ
1017 3576 1075 3667 μέν
1095 3575 1181 3642 ἐστιν
1202 3571 1298 3669 ἄγρια

112 3701 272 3797 niodum
300 3701 353 3771 καί
381 3700 513 3797 ἄκαρπα
541 3701 594 3771 καί
621 3700 786 3803 βλαβερὰν
802 3689 880 3780 Ιτοῖς
907 3704 1043 3800 ἡμέροις
1061 3703 1227 3797 σπέρμασι
1245 3700 1299 3770 καί

110 3831 217 3926 φυτοῖς
252 3830 312 3926 τὴν
349 3827 486 3925 αὔξησιν
515 3830 654 3924 ἔχοντα,
692 3838 816 3926 σημεῖα
844 3829 870 3900 δ’
889 3830 972 3901 αὐτὰ
999 3836 1167 3900 ποιοῦνται
1186 3829 1298 3925 χώρας

109 3962 137 4029 οί
170 3963 390 4055 γεωργοῦντες
425 3958 462 4028 οὐ
497 3964 645 4055 πονηροῖς
681 3958 767 4028 ἀλλά
798 3961 950 4054 γενναίας
977 3959 1031 4029 καὶ
1063 3960 1184 4035 πίονος·
1213 3954 1298 4026 οὕτω

108 4087 148 4182 δὴ
175 4087 229 4157 καί
255 4086 352 4182 πάθη
381 4087 491 4183 ψυχῆς
517 4087 604 4156 ἔστιν
630 4087 665 4157 οὺ
684 4087 833 4185 χρηστά,
861 4094 1008 4185 χρηστῆς
1027 4087 1062 4156 δὲ
1081 4084 1212 4182 φάσεως
1232 4088 1298 4155 οἷον

106 4215 321 4312 ἐξανθήματα
356 4213 410 4285 καί
445 4214 533 4310 λόγῳ
568 4222 753 4312 παρασχεῖν
791 4216 966 4312 ἐργάσιμον
1003 4215 1124 4310 ἑαυτὴν
1144 4217 1299 4292 ἐπιεικῶς

105 4344 303 4440 δυναμένης.
358 4339 411 4413 Cf
440 4339 547 4413 etiam
575 4366 663 4437 pag.
696 4364 765 4434 552
788 4341 825 4415 C.
