2834 4964
666 200 735 285 136

102 403 233 474 urbem
274 401 558 475 Mantinensium
599 402 828 488 adorienteS,
869 426 952 475 curn
994 404 1109 475 fluctu
1151 413 1369 498 comp-3·

102 544 247 604 rantur:
285 537 330 612 ὡς
372 536 477 631 ῥεῦμα
516 535 578 630 τὴν
616 532 752 630 δύναμιν
790 533 915 631 ἀθρόαν
948 535 1190 629 ἐμπίπτουσαν.
1244 518 1365 600 Cf·

102 685 190 756 pag.
219 667 267 734 68
297 665 345 733 A.
410 647 417 659 ⁸
1192 665 1195 672 '

154 793 385 886 Tempus,ut
394 792 495 886 apud
505 804 796 877 nostrateS,cum
807 788 954 861 flumine
965 805 1204 885 comparatur
1213 804 1349 886 pag
1352 833 1364 846 ·

102 944 175 1011 432
207 923 265 993 B.:
293 928 350 993 τοῦ
378 923 497 1019 χρόνου
524 921 677 1019 καδοίπερ
706 920 866 1018 ῥεύματος
889 920 1014 991 ἕκαστα
1032 924 1352 1020 παραφέροντος·

155 1051 457 1148 Χειμάρρους,
486 1058 636 1122 torrens.
682 1050 775 1143 Pag.
805 1048 886 1140 5E.
915 1047 1135 1121 Plutarchus
1163 1050 1346 1121 bellum

103 1204 186 1252 cum
214 1177 383 1264 torrenti,
412 1177 532 1250 omnia
558 1177 764 1273 promenti,
785 1176 945 1250 confert:
974 1178 1047 1276 ὅγε
1065 1180 1138 1275 μην
1154 1181 1330 1275 πολεμος

102 1310 283 1408 χειμάρρου
312 1310 405 1405 δίκην
433 1309 544 1381 πάντα
571 1308 690 1407 σύρων.
912 1280 919 1295 .

154 1438 246 1531 Pag.
289 1460 362 1527 324
405 1438 444 1508 B.
482 1435 709 1520 Hannibalis
728 1433 946 1522 exercitum,
987 1434 1022 1506 in
1058 1434 1163 1506 Italia
1201 1433 1303 1508 omni

103 1565 454 1661 Carthaginiensium
484 1565 647 1638 subsidio
670 1565 901 1652 destitutum,
926 1562 1009 1638 cum
1032 1563 1186 1637 torrenti
1204 1590 1299 1638 com-

103 1710 227 1792 parat,
255 1697 318 1791 qui
346 1721 444 1791 aqua
471 1695 664 1768 deficiente
692 1695 886 1768 exarescit:
915 1697 1007 1777 οῧτος
1027 1693 1114 1792 (scil.
1134 1698 1152 1765 ὁ
1172 1697 1295 1792 δαίμων

103 1837 170 1898 τῶν
211 1823 403 1922 Ῥωμαίων)
432 1824 597 1929 ΙἈννίβαν
638 1829 693 1898 τδν
730 1825 962 1924 Καρχηδόνιον
999 1825 1117 1922 φθόνῳ
1145 1825 1203 1896 καὶ
1230 1832 1295 1904 ταῖς

103 1958 298 2052 πολεμικαῖς
334 1956 473 2053 ἔχθραις
509 1956 652 2051 μηδενδς
688 1955 817 2026 οἴκοθεν
855 1955 1062 2052 ἐπιρρέοντος
1089 1952 1207 2052 ὥσπερ
1234 1955 1295 2050 χεί-

104 2112 226 2183 μαρρον
255 2087 371 2182 ἐξέχεε
397 2084 452 2155 καὶ
479 2083 699 2180 κατανήλωσε
726 2083 802 2181 περὶ
828 2084 890 2178 τὴν
920 2079 1073 2153 Ἰταλίαν.

155 2222 248 2316 Pag.
297 2245 363 2311 134
407 2222 446 2292 B.
483 2221 600 2293 fames
640 2245 707 2316 per
747 2219 1016 2292 medicamenta
1056 2232 1094 2290 et
1140 2218 1297 2290 vomitus

104 2351 260 2423 excitata
297 2377 379 2423 cum
416 2351 629 2423 turbulento
663 2349 814 2423 torrenti
849 2362 1104 2455 comparatur:
1132 2352 1298 2446 χίχνονται

105 2483 165 2579 χάρ
202 2487 237 2552 αἱ
271 2489 402 2574 πεῖναι,
435 2481 589 2580 καθάπερ
616 2481 658 2576 τδι
685 2482 874 2576 κοπτόμενα
900 2479 1038 2577 ῥεῖθρα,
1065 2480 1220 2573 τραχείαι
1247 2480 1299 2549 καί

104 2610 331 2708 χαραδρώδεις
371 2588 435 2680 καί
467 2611 524 2710 βίᾳ
564 2611 625 2706 τὴν
656 2612 791 2709 Ιτροιρην
832 2608 982 2679 ἕλκουσιν
1023 2607 1077 2677 ἀεὶ
1116 2606 1297 2678 λυττῶσαι.

106 2736 270 2809 Offendit
317 2739 541 2810 vocabulum
587 2741 799 2834 κοπτόμενα,
845 2737 946 2831 quod
990 2733 1301 2832 Wyttenbachius

106 2867 265 2963 explicat
298 2881 339 2940 ut
374 2868 421 2940 sit
457 2867 620 2962 agitata,
668 2891 846 2962 percussa
883 2865 990 2939 remis
1026 2864 1143 2938 contis
1183 2863 1302 2936 aliave

107 2997 267 3083 ratione,
304 2998 438 3093 quibus
475 2998 649 3070 continuo
683 2997 860 3093 deinceps
896 3011 933 3069 et
963 3020 1102 3068 vacuus
1130 2996 1171 3066 fit
1196 2995 1302 3067 locus

105 3141 142 3198 et
186 3128 356 3223 repletur.
424 3127 549 3199 Malim
598 3142 720 3200 tamen
762 3151 846 3199 cum
896 3123 1086 3219 Madvigio
1142 3123 1301 3197 Advers.

106 3255 222 3330 critic.
250 3281 338 3352 pag.
367 3263 440 3347 624
470 3258 597 3351 legere
617 3259 889 3353 ἀνακοπτόμενα,
909 3255 928 3327 i.
943 3280 974 3327 e.
994 3279 1152 3349 quorum
1171 3277 1306 3337 cursus

106 3368 206 3459 retro¹
241 3387 395 3482 cogitur.
451 3387 558 3478 Quae
595 3387 807 3460 coniectura
838 3385 1017 3458 stabilitur
1044 3384 1127 3456 loco
1155 3408 1202 3455 ex
1227 3382 1305 3455 vita

108 3516 275 3590 Caesaris
302 3543 332 3590 c.
362 3524 409 3607 38
437 3542 526 3613 pag.
559 3523 631 3606 726
660 3517 716 3602 C„
744 3516 807 3589 ubi
832 3517 879 3587 de
898 3514 1048 3588 flumine
1067 3526 1173 3587 aestu
1192 3511 1305 3585 maris

107 3663 204 3721 retro
233 3674 365 3722 averso
394 3648 541 3721 dicitur:
575 3651 655 3748 τρδς
683 3649 718 3718 δὲ
745 3650 806 3744 την
825 3646 1028 3745 πλημμύραν
1048 3653 1108 3742 τῆς
1126 3642 1303 3739 θαλάττης

107 3780 163 3850 καλ
181 3780 242 3877 τὴν
263 3781 431 3882 ἀντίβασιν
451 3786 506 3851 τοῦ
526 3778 690 3856 κλύδωνος
709 3777 885 3874 ἀγριαίνων
905 3781 921 3847 ὁ
940 3777 1088 3870 ποταμδς
1100 3752 1161 3844 Ικαί
1178 3771 1304 3869 τραχὺς

108 3906 177 4003 ἅμα
216 3909 272 3980 καὶ
311 3908 426 4005 κτιίπιρ
467 3907 604 4004 μεχάλιρ
645 3905 700 3975 καὶ
740 3906 899 4002 σκληραῖς
935 3901 1305 3995 ἀνακοπτόμενος

109 4037 210 4116 δίναις
238 4037 358 4135 ἀπορος
384 4037 426 4132 ἦν
456 4035 636 4137 βιασθῆναι
663 4040 710 4130 τῷ
737 4033 938 4134 κυβερνήτῃ.

159 4163 306 4262 Πηχη7
321 4166 432 4258 sons,
462 4188 572 4236 sensu
598 4161 776 4234 translato
805 4159 956 4254 originis
983 4157 1165 4231 invenitur
1191 4157 1304 4250 *pag

110 4299 131 4366 8
161 4291 219 4364 C.:
247 4296 340 4390 πηχη
369 4293 615 4389 καλοκαγαθίας
642 4295 679 4363 τδ
707 4293 844 4386 νομίμου
871 4296 981 4385 τυχεῖν
1009 4265 1178 4379 παιδείας,
1211 4309 1303 4380 pag.
