2866 5040
715 250 757 318 71

130 439 297 511 ductam.
336 437 438 510 Dicit
465 461 596 531 nempe
623 436 655 507 h.
670 437 690 507 l.
712 437 892 520 vomitus,
908 436 1184 509 medicamentis
1198 461 1332 531 provo-

135 583 262 654 catos,
299 567 420 662 magis
456 590 565 661 quam
600 565 691 638 alios
723 565 873 661 corpori
901 591 1053 650 nocere,
1082 566 1178 639 sicut
1203 566 1333 650 lintea,

133 722 234 792 quae
248 696 451 793 saponibus
473 708 538 768 aut
554 695 649 768 nitro
664 696 924 792 detergentur,
940 697 1060 792 magis
1075 710 1334 780 extenuantur,

136 852 248 923 quam
276 827 307 900 si
334 851 433 922 aqua
460 826 686 898 eluerentur:
721 832 766 908 ὡς
793 828 854 926 γὰρ
882 828 924 899 τά
942 828 1085 921 ὀθόνια,
1114 827 1258 926 ῥύμμασι
1278 828 1333 899 καί
1362 916 1365 921 ¹

137 960 375 1056 χαλαστραίοις
393 957 599 1051 πλυνόμενα,
610 957 735 1052 μᾶλλον
751 955 949 1028 λεπτύνεται
965 953 1041 1051 (Sic
1057 955 1333 1028 Hcrwerdenus

137 1085 322 1159 Plutarch.
345 1109 432 1180 pag.
448 1090 470 1156 6
486 1108 554 1178 pro
570 1080 781 1181 ἐκπλόνεται)
800 1091 866 1155 τῶν
888 1082 1280 1177 θδατοκλόστων,·οότως
1304 1090 1335 1155 οἱ

137 1216 222 1311 μετά
237 1216 421 1314 φαρμάκων
437 1216 549 1309 ἔμετοι
564 1215 778 1308 λυμαίνονται
793 1221 843 1310 τῷ
857 1214 988 1308 σώματι
1002 1214 1057 1283 καί
1071 1213 1331 1310 διαφθείρουσιν.

190 1344 440 1441 (Χαλαστραῖον
477 1355 534 1414 est
559 1364 680 1437 genus
707 1341 894 1437 quoddam
923 1340 1013 1412 nitri.
1043 1339 1094 1411 Cf.
1122 1340 1211 1412 Plin.
1241 1340 1332 1413 Hist.

140 1472 226 1545 Nat.
254 1471 401 1557 XXXI,
435 1495 495 1557 10,
526 1468 567 1569 1.)

188 1601 226 1674 A
258 1604 453 1699 geometria
490 1581 804 1695 comparationem
840 1601 993 1696 sumpsit
1027 1625 1114 1695 pag.
1158 1625 1228 1691 140
1265 1600 1332 1686 A„

135 1732 198 1806 ubi
235 1745 409 1828 oportere
444 1730 531 1804 dicit
557 1756 709 1803 uxorem
736 1756 809 1803 non
836 1730 1003 1826 proprias
1030 1731 1169 1804 habere
1198 1729 1332 1803 affecti-

134 1887 228 1935 ones
255 1863 322 1935 sed
350 1860 467 1944 mariti
494 1860 606 1947 seria,
625 1859 723 1946 ioca,
742 1859 989 1932 austeritatem
1008 1862 1130 1933 vultus
1148 1861 1331 1956 risumque

127 1992 329 2088 subsequi,
357 1992 450 2066 sicut
476 1992 594 2066 lineae
622 2006 660 2065 et
687 1993 902 2088 superficies
930 2018 1003 2065 non
1027 2018 1067 2066 se
1083 1993 1169 2088 ipsis
1184 2018 1328 2065 moven-

125 2135 212 2209 tur,
250 2124 316 2196 sed
352 2137 475 2197 motus
510 2148 704 2219 corporum
742 2122 979 2196 comitantur:
1015 2127 1068 2196 δεῖ
1096 2123 1134 2218 δ’,
1162 2126 1275 2222 ὥσπερ
1303 2128 1334 2194 οἱ

124 2255 324 2352 γεωμέτραι
372 2257 504 2350 λέγουσι
554 2255 613 2333 τάς
656 2256 809 2352 γραμμὰς
854 2255 908 2324 καί
952 2254 1011 2333 τάς
1054 2255 1250 2349 ἐπιφανείας
1294 2255 1331 2323 οὐ

127 2382 301 2457 κινεῖσθαι
328 2381 404 2454 καθ’
431 2383 562 2476 ἑαυτάς,
591 2383 678 2453 ἀλλὰ
705 2382 930 2478 συγκινεῖσθαι
958 2390 1024 2461 τοῖς
1051 2381 1219 2475 σώμασιν,
1244 2379 1329 2453 οὕτω

129 2511 197 2606 τὴν
235 2517 373 2605 γυναῖκα
409 2513 514 2609 μηδὲν
550 2513 635 2582 ἴδιον
672 2511 780 2591 πάθος
815 2513 919 2608 ἔχειν,
956 2512 1042 2581 ἀλλὰ
1078 2518 1244 2581 κοινωνεῖν
1282 2517 1332 2606 τῷ

133 2639 229 2736 ἀνδρί
255 2640 311 2710 καί
338 2641 483 2738 σπουδῆς
510 2642 566 2712 καί
591 2641 724 2719 παιδιᾶς
751 2641 806 2710 καί
834 2642 983 2720 συννοίας
1011 2641 1064 2711 καί
1090 2642 1244 2734 γέλωτος.

186 2766 327 2839 Eadem
363 2751 521 2863 imagine
558 2768 669 2841 utitur
704 2795 791 2865 pag.
830 2776 876 2860 63
904 2770 963 2855 C.‚
992 2767 1054 2841 ubi
1081 2769 1331 2852 adulatorem,

135 2919 283 2991 semper
318 2897 466 2970 alterius
501 2924 649 2986 vocem,
677 2925 823 2972 sensum
850 2899 1013 2994 iramque
1041 2900 1327 2992 subsequentem

135 3049 219 3097 cum
246 3024 341 3098 linea
369 3041 406 3100 et
433 3029 624 3122 superficie
654 3043 863 3125 comparat:
893 3034 938 3109 ὡς
965 3030 1025 3128 γὰρ
1048 3034 1079 3100 οἱ
1099 3028 1331 3125 μαθηματικοί

134 3155 193 3235 τάς
230 3159 428 3253 ἐπιφανείας
463 3159 516 3230 καί
553 3160 611 3239 τάς
646 3160 798 3258 γραμμάς
835 3162 966 3255 λέγουσι
1002 3158 1088 3255 μήτε
1115 3156 1329 3251 κάμπτεσθαι

135 3283 225 3380 μήτε
263 3285 489 3358 διατείνεσθαι
525 3287 612 3384 μήτε
648 3289 811 3360 κινεῖσθαι
848 3283 924 3360 καθ’
960 3288 1091 3380 ἑαυτάς7
1129 3285 1250 3381 νοητὰς
1277 3285 1331 3356 καί

133 3412 333 3507 ἀσωμάτους
369 3412 478 3508 odone,
515 3416 789 3511 συγκάμπτεσθαι
817 3417 852 3486 δὲ
880 3415 935 3486 καί
962 3413 1247 3485 συνδιατείνεσθαι
1274 3412 1328 3483 καί

131 3540 431 3634 συμμεθίστασθαι
467 3551 533 3624 τοῖς
569 3544 719 3638 σώμασιν
756 3548 801 3614 ὦν
837 3543 966 3641 πέρατά
1006 3545 1110 3634 εἰσιν,
1148 3540 1233 3613 οὕτω
1274 3543 1329 3611 τδν

130 3668 260 3739 κόλακα
297 3669 463 3766 φωράσεις
499 3671 550 3741 ἀεί
586 3671 875 3766 συνεπιφάσκοντα
911 3673 964 3742 καί
1000 3672 1326 3766 συναποφαινόμενον

126 3795 186 3867 καί
214 3796 437 3892 συνηδόμενον
465 3800 506 3894 νὴ
535 3797 598 3870 Δία
625 3800 678 3869 καί
706 3800 982 3896 συνοργιζόμενον.

184 3921 279 4016 Pag.
317 3946 392 4014 444
414 3924 461 3995 Α.
503 3925 836 4020 contemplatricem
876 3926 952 3998 veri
992 3940 1167 4007 mentem,
1210 3924 1328 4019 prima

121 4049 274 4126 stabilia
297 4078 482 4148 unamque
505 4079 652 4150 semper
670 4069 838 4129 naturam
852 4056 1054 4142 servantia,
1079 4080 1175 4151 quae
1191 4055 1327 4127 nullam

116 4179 285 4257 admittit
312 4183 569 4270 mutationem,
594 4199 831 4272 tractantem,
853 4186 1077 4259 deliberandi
1095 4185 1322 4257 vacationem

115 4312 267 4387 habere
282 4312 500 4386 Plutarchus
513 4313 598 4387 dicit
611 4340 830 4411 comparans
845 4341 926 4389 eam
938 4342 1021 4388 cum
1031 4329 1236 4412 geometra,
1251 4339 1324 4386 non
