2834 4964
676 226 724 312 89

89 435 224 515 fflitov
251 430 307 501 οὖν
335 429 377 501 τὰ
404 431 591 524 σκώμματα
619 429 726 500 δάκνει
747 428 899 527 καθάπερ
918 430 958 501 τὰ
976 435 1295 529 παρηγκιστρωμένα

89 569 180 658 τέλη
209 560 346 630 πλείονα
374 559 490 656 χρόνον
517 560 711 652 ἐμμένοντα.

142 685 214 764 Ad
254 687 500 758 barbarorum
542 709 681 757 morem
726 683 883 780 sagittas
925 711 1070 759 veneno
1111 687 1297 761 inficiendi

92 828 261 921 spectat,
290 816 393 911 quod
419 814 576 910 legimus
603 839 691 909 pag.
719 820 795 907 458
816 816 876 886 E:
905 819 958 887 τδν
987 818 1045 911 μὲν
1072 817 1133 916 γὰρ
1162 820 1295 916 σίδηρον

98 959 177 1028 ἔνιοι
215 955 281 1017 τῶν
322 946 497 1047 βαρβάρων
534 945 795 1043 φαρμάσσουσιν,
830 949 853 1041 ἡ
895 945 922 1015 δ’
948 946 1078 1043 ἀνδρεία
1114 947 1218 1043 χολῆς
1259 950 1296 1018 οὐ

105 1086 213 1154 δεῖται·
241 1074 406 1176 βέβαπται
433 1073 494 1170 γὰρ
523 1075 586 1144 ὑπδ
613 1079 669 1143 τοῦ
696 1074 805 1168 λόγου.

154 1205 244 1297 Pag.
273 1207 349 1274 810
369 1201 412 1273 E.
440 1200 693 1284 maledictum,
721 1199 995 1296 inprudentem
1014 1199 1130 1273 virum
1149 1201 1296 1289 iactum,

118 1335 148 1407 in
178 1344 363 1404 auctorem
399 1330 533 1403 reverti
568 1345 693 1404 noster
729 1330 815 1403 dicit
849 1330 960 1426 idque
995 1345 1187 1426 comparat
1215 1357 1298 1405 curn

121 1463 200 1547 telo,
231 1461 331 1555 quod
367 1474 520 1556 propter
555 1460 659 1556 scopi
687 1459 853 1533 duritiem
880 1459 915 1531 in
943 1486 1027 1533 eum
1055 1459 1117 1555 qui
1145 1461 1297 1549 miserit,
1379 1530 1382 1537 .

126 1592 247 1663 redeat:
287 1590 440 1689 καθάπερ
479 1591 541 1690 γὰρ
581 1600 646 1662 τῶν
688 1591 795 1691 βελῶν
836 1591 897 1663 ὅσα
937 1593 1017 1689 πρδς
1057 1594 1111 1662 τδν
1153 1593 1296 1694 βαλόντα

131 1722 241 1816 φέρεται
271 1720 372 1791 πάλιν
408 1723 506 1817 ῥώμη
538 1721 599 1792 τινὶ
626 1719 792 1791 δοκεῖκαὶ
819 1721 1006 1817 στερεότητι
1032 1727 1088 1791 τοῦ
1115 1722 1297 1818 πληγέντος

133 1847 345 1945 ἀνακρουόμενα
375 1855 469 1926 τοῦτο
496 1849 657 1944 ποίσχειν7
686 1845 771 1920 οὕτω
799 1850 835 1918 τδ
861 1847 982 1944 λεχθέν
1010 1851 1073 1920 ὑπδ
1101 1851 1218 1947 ῥώμης
1245 1853 1299 1922 καλ

134 1975 263 2055 συνέσεως
297 1982 354 2046 τοῦ
386 1975 635 2073 λοιδορηθέντος
671 1977 726 2047 ἐπὶ
761 1977 834 2056 τοὺς
861 1977 1116 2075 λοιδορήσαντας
1145 1977 1298 2075 ἀναστρέ-

137 2125 191 2193 ρειν
211 2105 317 2175 ἔοικεν.

122 2265 124 2273 ’
175 2235 320 2313 Conferri
347 2265 497 2336 quoque
524 2253 650 2335 potest
676 2264 764 2336 pag.
796 2247 867 2333 825
900 2242 960 2327 E„
988 2239 1052 2314 ubi
1074 2241 1231 2336 scriptor
1249 2240 1298 2313 ait

138 2382 278 2458 oportere
304 2369 340 2441 in
367 2369 504 2444 iudiciis
530 2369 623 2443 inter
651 2371 751 2444 cives
769 2371 874 2444 nudis
897 2386 935 2443 et
953 2371 1053 2466 puris
1072 2371 1300 2466 argumentis

137 2518 194 2568 run
226 2523 356 2594 gerere
397 2526 518 2596 neque
559 2526 605 2574 ea
646 2515 887 2596 argumenta,
928 2515 969 2574 ut
1005 2501 1097 2587 tela,
1134 2500 1299 2574 convitiis

139 2621 281 2724 minisque
326 2644 514 2726 tamquam
559 2654 695 2703 acuere
745 2656 789 2704 ac
838 2657 984 2705 veneno
1005 2680 1007 2685 ·
1029 2631 1214 2718 imbuere,
1255 2656 1301 2703 ne

140 2750 287 2832 discordia
313 2759 524 2833 insanabilis
552 2762 634 2851 fiat,
663 2775 704 2834 ut
731 2761 865 2836 vulnus
891 2762 966 2834 telo
986 2776 1171 2834 venenato
1190 2761 1300 2833 inflic-

139 2895 209 2960 tum:
240 2895 272 2963 ἐν
308 2892 345 2964 δέ
379 2901 450 2972 ταῖς
484 2895 608 2990 κρίσεσι
642 2893 696 2964 καλ
731 2900 800 2971 ταῖς
828 2893 929 2972 δίκαις
956 2895 1037 2990 πρδς
1064 2893 1137 2972 τοὺς
1165 2894 1300 2970 πολῖτας

140 3011 239 3107 ἄμεινόν
263 3024 331 3093 ἐστι
357 3019 518 3117 καθαραῖς
545 3022 598 3092 καί
625 3022 733 3118 ψιλαῖς
759 3028 829 3100 ταῖς
856 3022 973 3099 αἰτίαις
992 3020 1163 3118 χρώμενον
1187 3021 1300 3114 ἀγωνί-

139 3139 236 3245 ζεσθαι,
268 3150 322 3221 καλ
358 3150 406 3245 μὴ
434 3149 587 3247 καθάπερ
624 3149 707 3251 βέλη
734 3150 776 3221 τὰ
802 3149 981 3246 πράγματα
1007 3148 1219 3245 χαράσσοντα
1246 3148 1298 3218 καὶ

139 3276 344 3369 φαρμάσσοντα
370 3284 441 3356 ταῖς
470 3276 698 3378 βλασφημίαις
725 3276 778 3347 καλ
804 3283 874 3354 ταῖς
905 3275 1120 3373 κακοηθείαις
1145 3277 1199 3347 καὶ
1229 3283 1299 3354 ταῖς

141 3396 259 3485 ἀπελαῖς
286 3406 452 3503 ἀνήκεστα
477 3405 530 3476 καλ
558 3405 767 3500 μεγάλακαὶ
794 3405 938 3501 δημόσια
966 3413 1080 3475 ποιεῖν.

175 3535 387 3638 Τοξεὺειν,
429 3568 519 3613 arcu
559 3542 736 3627 zurulum,
777 3565 888 3613 sensu
930 3539 1062 3636 cupide
1099 3537 1301 3636 appetendi

139 3668 266 3743 occurrit
291 3669 327 3742 in
355 3668 430 3743 vita
461 3669 567 3742 Arati
594 3694 625 3742 c.
659 3692 701 3763 15
730 3693 819 3765 pag.
854 3693 946 3760 1033
979 3671 1033 3741 F.:
1061 3679 1131 3751 ταῖς
1159 3673 1218 3766 μέν
1246 3671 1300 3742 οὖν

140 3790 274 3898 διαπύροις
307 3802 536 3896 τοξευομέναις
569 3803 669 3900 ’ἔρωσι
706 3802 828 3897 φιλίαις
857 3801 1019 3900 βασιλέων
1046 3801 1101 3871 καὶ
1127 3800 1299 3898 τυράννοιν.

139 3917 176 3992 Cf.
196 3951 274 4024 pag.
303 3934 378 4020 647
408 3929 450 4001 E.

176 4052 410 4161 Ἀστοχεῖν,
444 4087 467 4131 α
492 4070 589 4154 scopo
616 4062 805 4145 oberrare,
838 4060 939 4154 apud
966 4071 1130 4129 nostrum
1159 4056 1302 4152 tropice

137 4180 306 4261 adhibitum
333 4187 536 4262 invenimus
562 4187 597 4261 in
624 4188 702 4262 vita
730 4189 875 4263 Galbae
904 4213 934 4261 c.
960 4194 1002 4260 16
1023 4212 1112 4283 pag.
1134 4211 1229 4281 1059
1246 4189 1301 4259 F.:

137 4311 260 4414 ἀστοχεῖν
285 4326 342 4392 τοῦ
368 4321 559 4418 πρέποντος.
