2834 4964
638 265 687 332 49

114 450 233 520 Porro
271 449 546 544 metaphoram,
585 474 607 521 a
635 473 748 522 scena
780 449 949 536 ductam,
976 450 1091 521 habet
1118 450 1245 523 Plutar

62 579 154 652 chus
181 578 217 650 in
244 577 319 651 vita
347 577 456 650 Arati
484 604 513 650 c.
550 600 590 671 15
622 603 710 674 pag.
745 602 838 670 1033
862 580 914 661 E,
943 579 1007 652 ubi
1026 551 1258 674 Antigonum

62 708 247 781 dicentem
289 707 393 781 facit:
438 707 565 804 „Prius
607 733 676 782 nos
717 709 946 804 despiciebat
973 709 1133 795 Aratus
1174 735 1261 806 spes

62 863 150 912 suas
195 838 279 910 alibi
306 839 448 911 habens
485 837 685 933 repositas,
734 838 1064 935 Aegyptiacasque
1105 840 1262 913 admira·

64 971 175 1040 batur
202 968 354 1054 divitias,
383 993 490 1054 nunc,
519 993 602 1041 cum
629 968 725 1041 intus
753 968 884 1042 viderit
914 969 983 1042 ista
1012 969 1133 1042 omnia
1160 971 1263 1043 thea-

64 1099 194 1172 tricum
231 1078 313 1172 esse
350 1084 571 1193 apparatum
599 1123 734 1171 scenae
761 1098 1038 1188 inservientem,
1076 1114 1192 1173 totum
1221 1126 1262 1174 se

64 1232 112 1302 ad
150 1254 217 1302 nos
245 1228 458 1302 convertit.’'
486 1228 566 1301 Νονί
593 1231 629 1301 δὲ
657 1232 719 1301 ὑπὸ
747 1231 870 1326 σκηνὴν
906 1234 1061 1328 ἑωρακὼς
1087 1233 1194 1303 πάντα
1220 1234 1261 1305 τὰ

66 1363 137 1431 ἐκεῖ
152 1361 330 1458 πράγματα
349 1359 532 1456 τραγῳδίαν
552 1359 629 1428 ὄντα
649 1359 701 1428 καί
720 1361 960 1455 σκηνογραφίαν
976 1358 1049 1438 ὅλος
1072 1342 1150 1456 ἡμῖν
1168 1387 1262 1458 προς-

63 1491 266 1585 κεχώρηκεν.
321 1487 506 1581 Compara
534 1500 717 1558 nostrum:
747 1487 869 1557 achter
887 1487 1119 1558 deschermen
1134 1489 1261 1584 kp'laen.

117 1617 157 1686 ln
195 1616 271 1688 vita
307 1617 452 1690 Galbae
491 1641 521 1688 c.
556 1641 567 1687 1
601 1639 690 1710 pag.
726 1637 818 1709 1053
846 1617 893 1688 D.
930 1615 1017 1689 dicit
1044 1616 1262 1692 Plutarchus

12 1800 14 1807 ,
63 1759 150 1840 post
179 1745 339 1819 Neronis
377 1760 532 1819 mortem
563 1744 806 1840 imperatores
834 1746 868 1817 in
896 1745 1039 1819 Palatio
1069 1746 1177 1818 alium
1205 1748 1264 1820 alii

62 1875 287 1948 successisse
310 1876 423 1948 veluti
442 1875 634 1949 histriones
655 1875 690 1947 in
714 1901 846 1949 scena:
869 1883 905 1950 το
929 1877 1092 1949 Παλάτιον
1117 1879 1150 1947 ἐν
1170 1879 1263 1949 ἐλάσ-

64 2032 134 2076 σονι
171 2007 278 2101 χρόνῳ
314 2008 476 2103 τέσσαρας
512 2007 749 2103 αὐτοκράτορας
786 2006 983 2098 ὑπεδέξατο,
1019 2008 1073 2075 τὸν
1110 2004 1169 2099 μὲν
1205 2010 1263 2085 εἰς·

62 2135 225 2229 αγόντων,
266 2134 379 2230 ὥσπερ
421 2133 474 2204 διὰ
517 2141 661 2231 σκηνῆς,
701 2137 754 2204 τον
795 2133 821 2204 δ’
850 2134 1028 2227 ἐξαγόντων
1069 2131 1157 2230 (scil.
1197 2143 1262 2204 τῶν

64 2259 298 2358 στρατιωτῶν).

120 2396 255 2470 Graeci
291 2411 370 2470 arte
402 2381 643 2494 gymnastica¹
659 2412 696 2470 et
724 2397 889 2492 corporis
918 2396 1259 2481 exercitationibus,

61 2527 199 2623 quibus
223 2552 350 2601 omnes
373 2527 449 2600 fere
472 2529 633 2623 populos
652 2541 940 2624 superaverunt,
965 2527 1119 2600 maxime
1141 2530 1261 2601 delec-

62 2662 250 2731 tabantur.
271 2660 400 2731 ·Unde
419 2659 559 2753 optime
583 2658 755 2754 explicari
778 2672 920 2754 potest,
944 2660 1045 2754 quod
1063 2658 1261 2754 scriptores

62 2789 202 2863 Graeci
231 2789 364 2862 multas
393 2815 414 2861 e
436 2791 626 2885 palaestra
653 2802 887 2884 sumpserunt
910 2788 1099 2883 imagines.
1151 2791 1261 2862 Prae·
1290 2764 1291 2767 Ἴ

61 2919 196 3014 cipuae
221 2934 345 2992 autem
360 2918 465 2992 huius
479 2918 628 3013 generis
642 2918 900 2992 translationes
914 2920 1015 3014 apud
1025 2920 1260 2992 Plutarchum

62 3064 152 3122 sunt
179 3051 311 3122 haece:

122 3178 346 3252 Locutiones
374 3181 515 3280 λαβὴν
542 3183 775 3277 παρέχειν,
799 3181 1088 3277 παραδοῦναι,
1113 3178 1260 3274 proprie

62 3313 115 3383 ad
157 3320 272 3382 artem
311 3310 475 3381 luctandi
514 3321 746 3402 spectantes
782 3307 917 3402 passim
945 3333 1056 3380 sensu
1083 3310 1261 3382 translato

63 3439 257 3527 adhibitae
286 3453 504 3523 occurrunt,
532 3438 634 3510 velut
660 3462 747 3532 pag.
775 3460 816 3531 51
856 3440 913 3523 F.‚
951 3444 994 3510 61
1028 3439 1087 3524 F„
1132 3462 1173 3530 71
1206 3438 1261 3525 C,

71 3595 142 3643 122
174 3570 230 3652 C„
260 3574 357 3660 *149
386 3571 426 3641 A.

117 3702 210 3795 Pag.
240 3707 287 3792 38
302 3703 347 3773 Α.
376 3700 531 3795 legimus
559 3700 651 3774 vitiis
680 3701 812 3773 multas
836 3699 1001 3794 corporis
1024 3714 1150 3794 partes
1173 3700 1261 3771 mul-

58 3848 178 3925 taque
219 3830 304 3902 loca
344 3828 508 3902 additum
549 3829 782 3924 spatiumque
823 3854 890 3923 per
930 3854 970 3901 se
1012 3830 1061 3901 ad
1101 3828 1257 3901 animum

58 3959 282 4058 penetrandi
317 3961 518 4055 praebere,
556 3960 700 4032 unicam
737 3959 871 4045 virtuti,
900 3953 974 4054 qua
1001 3960 1283 4060 adolescentes·
1398 4006 1399 4011 κ

59 4091 233 4186 arripiat,
262 4116 389 4164 ansam
417 4116 527 4164 aures
555 4116 655 4164 esse:
679 4101 723 4190 τῇ
743 4093 801 4187 μὲν
824 4092 885 4189 γὰρ
908 4094 1004 4186 κακίᾳ
1023 4091 1130 4161 πολλὰ
1153 4094 1259 4189 χωρία

61 4225 118 4295 καί
157 4226 243 4322 μέρη
279 4230 335 4294 τοῦ
372 4225 524 4318 σώματος
560 4225 701 4320 παρέχει
737 4221 775 4293 δι’
803 4223 910 4292 αὐτῶν
946 4220 1080 4290 ἐνδῦσαν
1109 4219 1257 4316 ἅρασθαι

63 4360 126 4449 τῆς
155 4353 275 4449 ψυχῆς,
302 4359 346 4449 τῇ
373 4347 519 4449 δ’ἀρετῇ
551 4355 626 4447 μία
653 4351 766 4451 λαβὴ
795 4350 835 4420 τὰ
863 4353 933 4419 ὦτα
959 4355 1024 4418 τῶν
1052 4351 1134 4418 νέων
1162 4352 1258 4419 ἐστίν.

1147 4477 1163 4523 4
