2834 4964
103 238 156 307 καὶ
191 238 289 332 γέρας
324 234 482 334 προςθείη
510 243 560 333 τῷ
586 234 717 305 παιδιὰν
744 233 934 335 ἀνύβριστον
961 238 1218 335 εἰςηγησαμένῳ
1247 241 1299 310 καί

102 367 213 462 τέρψιν
249 365 436 460 ὠφέλιμον,
471 364 525 434 καὶ
559 364 689 459 γέλωτα
730 364 777 459 μὴ
806 363 923 458 μώμου
951 364 1029 461 μηδ’
1058 363 1185 465 ύβρειυς
1214 368 1299 438 ἀλλὰ

102 492 234 589 χάριτος
270 493 323 562 καί
349 490 590 590 φιλοφροσύνης
619 495 768 589 ἑταῖρον,
797 493 830 561 ἐν
858 493 905 571 οἷς
932 492 972 563 τὰ
999 494 1137 564 πλεῖστα
1164 504 1302 591 ναυαγεῖ

102 620 268 714 συμπόσια
295 621 342 715 μὴ
370 620 512 716 τυχόντα
539 621 764 715 παιδαγωγίας
792 620 907 718 ὀρθῆς.

35 756 38 761 ’
155 757 248 850 Pag.
265 760 338 827 606
361 755 408 826 D.
436 779 539 850 spem
569 780 651 828 cum
680 769 759 828 rate
788 770 913 830 noster
940 771 1151 852 comparat,
1172 758 1299 832 dicens

102 886 149 957 de
176 883 394 970 hominibus,
410 909 556 979 semper
583 910 605 957 a
633 885 762 958 futuris
789 886 1035 981 pendentibus
1063 901 1101 961 et
1128 889 1299 962 absentia

101 1013 411 1089 desiderantibus:
440 1020 486 1094 ὡς
514 1018 569 1087 ἐπὶ
597 1017 730 1113 σχεδίας
758 1018 966 1114 διαφέρονται
993 1026 1052 1116 τῆς
1080 1021 1225 1098 ἐλπίδος.

152 1145 244 1238 Pag.
289 1164 359 1235 707
398 1145 444 1215 D.
481 1169 546 1216 eos
582 1144 644 1240 qui
680 1144 843 1217 convivis
879 1147 1108 1233 concedunt,
1136 1160 1178 1219 ut
1206 1148 1297 1221 alios

101 1299 227 1347 secum
264 1275 313 1346 ad
347 1272 553 1347 convivium
582 1276 790 1361 adducant,
819 1290 1010 1371 comparat
1038 1302 1120 1350 cum
1149 1279 1298 1351 navium

100 1403 343 1490 locatoribus‚
384 1403 446 1499 qui
487 1403 610 1477 sinunt
651 1419 821 1478 vectores
860 1406 1119 1501 impedimenta
1155 1433 1225 1481 sua
1264 1409 1296 1480 in

103 1558 234 1606 navem
262 1533 423 1606 iniicere:
458 1536 570 1632 ὥσπερ
598 1540 629 1606 οἱ
654 1536 695 1606 τά
720 1538 819 1608 πλοῖα
845 1538 1037 1617 ναυλοῦντες
1065 1539 1112 1609 ότι
1139 1541 1178 1611 ἂν
1207 1543 1294 1639 φέρῃ

102 1692 149 1745 τις
177 1666 403 1766 ἐμβάλλεσθαι
429 1669 649 1764 παρέχουσιν,
676 1664 778 1744 οῦτιυς
805 1670 902 1763 ἡμεῖς
929 1666 971 1737 τὰ
999 1669 1165 1763 συμπόσια
1193 1696 1297 1766 παρα-

103 1796 212 1874 δόντες
248 1797 370 1892 έτέροις
405 1796 551 1892 πληροῦν
579 1795 718 1890 ἀφίεμεν
746 1796 781 1864 ἐκ
806 1803 871 1864 τῶν
898 1797 1164 1892 προςτυχόντιυν,
1194 1798 1233 1868 du
1262 1824 1296 1868 τε

103 1925 270 2021 χαρίεντες
298 1927 377 1993 ὦσιν
405 1923 443 1993 ἄν
471 1949 507 1993 τε
535 1923 665 2018 φαῦλοι.

156 2059 188 2130 E
216 2083 256 2131 re
284 2058 431 2131 nautica
450 2058 557 2130 etiam
577 2083 665 2153 pag.
692 2064 760 2132 128
780 2060 823 2132 D.
842 2058 1036 2154 imaginem
1053 2061 1300 2156 deprompsit,

103 2188 166 2261 ubi
204 2187 387 2275 homines,
428 2212 556 2282 parum
598 2189 774 2261 decorum
814 2190 995 2262 ducentes
1036 2189 1070 2260 in
1098 2192 1301 2286 suspitione

103 2317 219 2390 morbi
247 2332 284 2390 et
312 2343 469 2413 corpore
498 2342 572 2389 non
601 2320 697 2390 bene
725 2319 861 2391 affecto
889 2344 1001 2391 unum
1031 2319 1125 2392 diem
1146 2320 1182 2392 in
1202 2324 1302 2395 lecto

104 2472 321 2520 consumere
359 2447 517 2544 ciboque
555 2446 759 2551 abstinere,
797 2448 928 2520 deinde
956 2450 1174 2546 perplures
1204 2452 1302 2539 dies,

103 2579 189 2650 dum
236 2592 444 2674 purgantur
489 2593 526 2651 et
568 2577 840 2650 medicamentis
882 2578 1108 2665 oblinuntur,
1151 2582 1303 2655 decum-

102 2709 251 2795 bentes,
288 2723 481 2804 comparat
518 2735 600 2782 cum
638 2708 774 2795 nautis,
812 2733 906 2804 quos
932 2710 1048 2803 pudet
1075 2723 1301 2805 tempestate

104 2852 186 2910 orta
212 2838 247 2910 in
274 2839 377 2912 litore
406 2863 554 2911 manere
583 2838 718 2935 quique
747 2839 898 2925 deinde,
926 2839 961 2911 in
980 2840 1092 2912 altum
1111 2843 1299 2935 provecti,

104 2970 368 3041 conturbantur
395 2983 508 3065 atque
536 2983 735 3041 nauseant:
768 2972 881 3070 ὥσπερ
908 2972 969 3068 γάρ
997 2972 1114 3065 ἀμέλει
1140 2973 1300 3053 πλέοντες

103 3099 182 3168 ’ἔνιοι
210 3108 372 3195 χειμῶνος
400 3100 489 3179 ’όντος
517 3101 680 3171 αἰδοῦνται
708 3100 882 3202 διατρίβειν
903 3098 955 3170 ἐπ’
976 3101 1099 3196 ἀκτῆς,
1120 3101 1180 3171 εἶτ’
1201 3105 1301 3201 ἀναχ-

102 3224 217 3306 θέντες
250 3230 403 3323 αίσχιστα
431 3228 605 3299 διάκεινται
633 3229 776 3330 βοῶντες
802 3229 856 3300 καὶ
882 3237 1101 3323 ναυτιῶντες,
1129 3229 1236 3311 ούτιυς
1265 3235 1298 3303 έν

104 3356 228 3453 ὑποψίᾳ
255 3357 308 3426 καί
326 3355 517 3454 προπαθείᾳ
538 3360 692 3452 σώματος
721 3358 851 3453 ἀγεννὲς
869 3356 1046 3453 ἡγούμενοι
1073 3362 1148 3454 μίαν
1171 3364 1302 3459 ἡμέραν

104 3485 137 3553 ἐν
178 3484 272 3580 κλίνῃ
314 3485 437 3580 διάγειν
478 3487 531 3557 καὶ
567 3487 614 3582 μὴ
651 3483 865 3583 παραθέσθαι
892 3483 1027 3582 (malim
1054 3488 1301 3585 παρατίθεσθαι

103 3625 255 3706 propter
300 3614 529 3708 praecedens
575 3609 712 3712 διάγειν)
752 3614 939 3712 τράπεζαν,
980 3619 1133 3712 αἴσχιστα
1174 3618 1301 3697 πολλὰς

103 3744 231 3838 ἡμέρας
258 3751 399 3836 κεῖνται,
427 3742 659 3842 καθαιρόμενοι
685 3743 738 3814 καὶ
762 3743 1070 3838 καταπλασσόμενοι
1097 3747 1151 3815 καί
1169 3745 1300 3818 θωπεύ-

106 3895 197 3947 οντες
225 3870 353 3968 ἰατροὺς
379 3872 431 3942 καί
459 3870 705 3969 θεραπεύοντας
733 3869 795 3969 (ita
822 3869 1024 3943 enimcum
1044 3872 1300 3946 Herwerdeno

108 3996 242 4068 Mnem.
265 4002 361 4087 1890
388 4022 475 4093 pag.
494 4018 565 4088 372
596 3998 797 4094 legendum
820 4014 911 4096 puto
939 4026 1011 4096 pro
1041 4001 1302 4101 θεραπεύοντες,
