2866 5040
705 244 769 292 121

133 429 405 524 Comparantur
432 453 565 522 nempe
593 427 615 499 ii
642 428 704 523 qui
730 427 828 501 initio
852 453 991 524 magno
1015 454 1126 502 cursu
1150 431 1199 503 ad
1220 429 1334 525 philo-

136 558 303 654 sophiam
331 560 576 643 contendunt‚
596 557 729 630 deinde
749 559 885 630 nullum
900 560 949 631 ad
964 559 1113 632 meliora
1126 546 1334 655 profectum

135 694 335 762 sentientes
364 690 496 762 crebro
524 689 734 774 offendunt,
763 690 812 761 ad
840 702 1042 761 extremum
1070 689 1217 763 omnino
1232 690 1333 763 defa-

138 818 303 915 tigantur
338 832 376 891 et
402 822 621 913 desperant,
651 843 734 891 cum
762 818 957 905 arundine,
985 819 1139 914 primum
1168 819 1333 893 celeriter

137 973 218 1023 sese
256 949 291 1021 in
328 950 440 1022 altum
477 948 651 1044 erigenti,
675 948 807 1020 deinde
845 949 1031 1044 paullatim
1060 949 1260 1022 deficienti:
1290 955 1335 1029 ὡς

135 1081 196 1179 γάρ
231 1086 255 1179 ἡ
292 1088 348 1152 τοῦ
383 1081 533 1176 καλάμου
571 1081 771 1181 βλάστησις,
804 1081 909 1178 ὁρμὴν
937 1081 1060 1176 ἔχουσα
1087 1083 1246 1176 πλείστην
1276 1081 1333 1154 ἀπ’

134 1209 244 1306 ἀρχῆς
272 1213 317 1288 εἰς
341 1206 449 1306 Ιμίγκος
476 1211 599 1304 ὁμαλόν
628 1211 683 1280 καὶ
702 1212 856 1305 συνεχές,
876 1212 1060 1306 τὸπρῶτον
1080 1212 1114 1280 ἐν
1133 1210 1333 1306 διαστήμασι

130 1338 292 1433 μεγάλοις
325 1340 437 1433 ὀλίγας
462 1338 678 1438 λαμβάνουσα
706 1336 935 1436 προςκροόσεις
962 1338 1016 1409 καλ
1043 1338 1236 1424 ἀντικοπάς,
1268 1336 1332 1408 εἶθ’

132 1468 204 1536 οἷον
242 1466 296 1536 ὑπ’
333 1466 502 1562 ἄσθματος
538 1467 608 1537 ἄνω
646 1466 685 1538 δι’
714 1467 890 1538 ἀσθένειαν
918 1465 1171 1564 ἀπαγορεύουσα
1197 1468 1333 1545 πολλοῖς

132 1595 303 1691 ἐνίσχεται
336 1596 391 1666 καὶ
417 1603 546 1674 πυκνοῖς
573 1604 639 1674 τοῖς
666 1596 798 1690 γόνασι,
826 1602 881 1666 τοῦ
908 1594 1094 1690 πνεύματος
1121 1594 1252 1690 πληγάς
1279 1595 1333 1665 καὶ

131 1724 275 1819 τρόμους
310 1724 554 1824 λαμβάνοντος,
592 1723 693 1803 οὕτως
720 1725 790 1796 όσοι
816 1728 853 1795 τό
879 1731 1008 1821 πρῶτον
1036 1725 1195 1820 μεγάλαις
1224 1725 1334 1821 ἐκδρο-

134 1860 215 1945 μαῖς
254 1853 440 1949 ἐχρήσαντο
480 1856 560 1951 προς
600 1855 817 1949 φιλοσοφίαν,
859 1856 928 1924 εἶτα
967 1853 1075 1924 πολλὰ
1115 1853 1169 1924 καλ
1209 1860 1334 1949 συνεχῆ

132 1979 388 2078 προςκροόματα
423 1980 477 2051 καὶ
513 1982 748 2076 διασπάσματα
776 1983 980 2083 λαμβάνουσι
1007 1983 1150 2078 μηδενός
1178 1982 1334 2079 διαφόρου

130 2111 218 2204 ’πρὸς
256 2110 296 2179 πο
337 2109 465 2209 βέλτιον
507 2108 803 2204 ἐπαισθανόμενοι,
839 2112 1058 2189 τελευτῶντες
1094 2110 1253 2205 ἐξέκαμον
1280 2135 1334 2179 και

128 2235 384 2335 ἀπηγόρευσαν.
440 2238 635 2310 Habemus
670 2238 704 2309 h.
725 2238 746 2309 l.
777 2237 811 2308 in
845 2237 1029 2310 arundinis
1060 2237 1220 2332 imagine
1239 2217 1334 2309 ¹alte-

123 2387 217 2438 ram
271 2368 545 2462 metaphoram,
579 2393 675 2463 quae
717 2370 942 2464 deprompta
978 2383 1034 2441 est
1074 2370 1123 2440 ab
1169 2366 1333 2448 homine,

116 2495 248 2568 celeri
279 2522 388 2570 cursu
415 2498 634 2571 exanimato.
690 2500 848 2572 Arundo
876 2499 970 2572 enim
998 2497 1161 2572 defetisci
1187 2496 1334 2581 dicitur,

118 2626 241 2698 velut
263 2627 326 2723 qui
346 2630 395 2701 ob
423 2628 604 2702 anhelitus
627 2629 820 2725 angustias
844 2631 878 2701 in
907 2631 1171 2703 adscendendo
1199 2626 1334 2700 deficit.

116 2749 336 2830 Larsenius
377 2758 503 2846 „Stud
541 2758 625 2832 Crit.
663 2759 697 2831 in
735 2761 828 2832 Plut.
866 2761 981 2833 Mor.''
1020 2759 1194 2839 Hauniae
1238 2762 1333 2846 1889

116 2903 232 2979 pag:
267 2893 309 2960 81
351 2887 386 2959 in
415 2889 608 2983 postremis
635 2890 758 2962 verbis
786 2899 842 2963 τοῦ
869 2889 1336 2989 πνεύματος-λαμβάνοντος

116 3007 275 3089 haeret
313 3018 540 3092 Intercidisse
577 2978 685 3115 putat
720 3019 855 3115 ahquid
889 3033 975 3091 ante
1003 3027 1060 3091 τοῦ
1087 3018 1272 3112 πνεύματος
1299 3014 1334 3085 in

117 3136 234 3218 hanc
260 3148 336 3220 fere
364 3149 598 3221 sententiam:
626 3159 684 3222 τοῦ
705 3153 883 3247 στελέχους
902 3152 964 3220 ὑπὸ
983 3156 1040 3220 τοῦ
1059 3147 1244 3241 πνεύματος
1264 3158 1333 3216 etc.

120 3265 254 3350 Haud
280 3278 393 3351 dubie
421 3281 537 3352 verba
565 3289 621 3351 τοῦ
648 3279 833 3375 πνεόματος
859 3278 992 3375 πληγάς
1019 3277 1074 3348 καλ
1096 3276 1234 3373 τρόμους
1254 3276 1334 3371 λαμ-

124 3396 291 3495 βάνοντος
319 3410 518 3482 admodum
547 3411 707 3482 obscura
734 3420 827 3480 sunt.
883 3406 937 3477 At
959 3403 1108 3487 dubit0,
1129 3428 1215 3474 num
1234 3417 1334 3475 recte

125 3521 180 3595 de
222 3539 410 3612 arundinis
444 3541 549 3614 caule
586 3543 762 3636 στέλεχος,
799 3551 969 3622 truncus,
998 3534 1149 3607 dicatur.
1206 3533 1334 3628 Itaque

126 3660 261 3742 potius
296 3694 365 3764 pro
393 3678 450 3743 τοῦ
479 3673 655 3767 στελέχους
695 3665 848 3761 legerim
875 3673 933 3738 τοῦ
960 3668 1103 3761 καυλοῦ,
1131 3676 1194 3735 aut
1221 3687 1332 3734 voca-

126 3778 225 3864 bulo
255 3803 318 3872 ὑπο
340 3813 431 3885 ante
459 3807 514 3870 τοῦ
541 3799 726 3894 πνεύματος
752 3796 888 3869 inserto
908 3798 1131 3899 λαμβάνοντος
1163 3792 1330 3864 mutarim

128 3903 162 3979 ln
195 3921 430 4031 λαμβάνουσα.

179 4046 294 4131 Sicut
316 4060 416 4153 apud
440 4072 624 4132 nostrates
643 4061 780 4130 suberis
799 4069 927 4129 cortex
944 4053 1100 4128 levitatis
1119 4068 1176 4126 est
1198 4052 1333 4147 imago.

127 4160 189 4244 Sic
226 4213 315 4284 pag.
352 4210 419 4278 127
441 4190 487 4260 D.
514 4188 732 4260 Plutarchus
763 4186 813 4259 ait
833 4210 969 4281 corpus
988 4183 1093 4258 nobis
1112 4183 1333 4256 servandum

127 4314 220 4385 esse
259 4318 379 4392 habile
409 4308 455 4390 et
474 4318 703 4413 expeditum,
741 4332 782 4389 ut
808 4315 936 4401 etiam,
972 4314 1002 4387 si
1028 4314 1225 4409 aliquando
1252 4337 1334 4407 pre-
