2834 4964
650 301 697 371 97

137 491 210 563 Huc
250 512 400 584 quoque
427 487 642 560 referendus
669 500 726 560 est
753 487 859 559 locus
885 486 920 558 in
949 486 1194 583 disputatione
1222 490 1269 561 de

76 621 238 693 fraterno
279 642 426 702 amore,
466 641 554 713 pag.
595 640 666 708 491
712 616 778 699 A,
822 616 885 688 ubi
921 617 1060 690 amicus
1087 620 1273 691 ambobus

75 749 245 822 fratribus
272 746 474 821 communis
502 747 681 844 σύνδεσμος
707 755 767 844 τῆς
796 748 1015 844 φιλαδελφίας
1042 762 1209 821 vocatur.

135 881 216 975 Pag.
260 900 332 968 140
359 877 401 949 E.
434 875 634 971 coniugum
662 875 957 948 communitatem
985 878 1117 972 augeri
1144 894 1271 951 noster

72 1007 164 1082 dicit
178 1008 369 1104 reciproca
391 1004 670 1087 benevolentia,
687 1004 782 1077 sicut
795 1004 939 1077 vincula
954 1006 1102 1080 alternis
1116 1007 1270 1081 nexibus

73 1140 189 1213 robor
213 1136 415 1233 accipiunt:
445 1138 558 1234 ὥσπερ
586 1141 616 1207 οί
642 1136 756 1232 δεσμοί
783 1135 865 1207 κατὰ
891 1138 952 1233 τὴν
976 1138 1154 1220 ἐπάλλαξιν
1174 1139 1269 1236 ἰσχὺν

73 1266 107 1336 δί
124 1270 276 1366 ἀλλήλων
290 1268 535 1370 λαμβάνουσιν,
550 1263 652 1343 οὕτως
667 1267 823 1362 ἑκατέρου
838 1266 897 1360 τὴν
912 1264 1038 1337 εὔνοιαν
1057 1268 1269 1366 ἀντίστροφον

70 1393 284 1476 ἀποδιδόντος
309 1400 333 1493 ἡ
361 1397 512 1467 κοινωνία
538 1390 679 1491 σῴζεται
706 1387 745 1463 δι’
772 1393 906 1488 ἀμφοῖν.

126 1524 218 1621 Pag.
258 1546 330 1618 554
370 1525 417 1595 D.
455 1521 676 1595 sceleratum
705 1519 792 1592 dicit
817 1519 851 1591 in
880 1519 954 1593 vita
981 1521 1151 1609 detineri,
1180 1539 1268 1595 tam-

68 1671 188 1743 quam
212 1654 247 1726 in
277 1677 447 1736 carcere,
476 1652 576 1725 unde
604 1651 773 1745 effugere
798 1675 871 1722 non
890 1651 1023 1746 possit:
1052 1656 1107 1725 τδν
1125 1658 1269 1753 πονηρόν

67 1786 317 1884 φρουρούμενον
333 1787 367 1855 ἐν
381 1791 431 1880 τῷ
445 1783 520 1884 βίῳ,
535 1781 688 1880 καθάπερ
704 1785 830 1879 εἱρκτῇ,
845 1782 1012 1877 μηδεμίαν
1029 1783 1270 1877 μετανάστασιν

66 1905 200 2011 ἐχούσῃ
236 1913 325 2009 μηδὲ
360 1912 544 2007 διάφευξιν,
581 1911 725 2005 εὐωχίας
763 1910 800 1980 δὲ
835 1908 961 1988 πολλὰς
997 1910 1050 1981 διὰ
1082 1914 1184 2007 μέσου
1217 1913 1272 1983 καὶ

64 2044 301 2137 πραγματείας
328 2041 382 2112 καί
408 2040 514 2118 δόσεις
542 2039 597 2110 καὶ
624 2038 760 2136 χάριτας
783 2039 900 2132 ἀμέλει
919 2037 974 2108 καλ
992 2039 1136 2131 παιδιάς,
1155 2041 1269 2138 ὥσπερ

63 2159 104 2228 ἓν
158 2170 375 2266 δεσμωτηρίῳ
415 2167 617 2268 κυβευόντων
654 2168 677 2261 ἢ
713 2166 959 2259 πεττευόντων,
1000 2167 1082 2264 ὑπὲρ
1118 2170 1269 2263 κεφαλῆς

60 2297 127 2360 τοῦ
160 2300 303 2394 σχοινίου
331 2297 550 2393 κρεμαμένου.

123 2421 264 2497 Ultima
292 2425 409 2497 verba
436 2421 544 2509 „fune
572 2446 684 2517 super
711 2434 825 2516 caput
842 2422 1050 2516 pendente'’
1070 2423 1119 2494 ad
1133 2423 1274 2495 Damo-

57 2544 139 2623 Clis
156 2554 340 2628 historiam
356 2551 568 2649 respiciunt,
585 2550 641 2625 cui
656 2551 689 2623 in
705 2552 826 2625 medio
841 2551 1103 2647 exquisitissimi
1117 2553 1274 2626 convivii

53 2691 279 2776 apparatu,
316 2709 338 2756 e
374 2683 538 2756 lacunari
574 2682 739 2777 gladium
775 2681 998 2778 fulgentem,
1031 2696 1111 2755 seta
1139 2683 1273 2778 equina

52 2820 225 2903 aptum,
264 2813 404 2888 demitti
430 2813 531 2886 iussit
558 2811 774 2909 Dionysius,
804 2826 845 2884 ut
872 2811 949 2885 eius
977 2813 1109 2887 cervici
1136 2813 1273 2909 impen-

51 2929 192 3018 deret
220 2945 272 3020 Cf.
302 2944 375 3018 Cic.
402 2945 512 3016 Tusc.
539 2944 589 3029 V,
621 2967 677 3015 21.
707 2943 838 3014 Horat.
867 2941 967 3015 Cam.
997 2943 1065 3028 ΙΙΙ,
1100 2969 1137 3029 1,
1171 2964 1224 3033 17.

171 3233 189 3332 ξ
222 3254 275 3323 17.
332 3232 607 3303 METAPHORAE
633 3254 683 3299 AB
710 3252 986 3302 AumcuLTuRA
1013 3255 1060 3302 ET
1085 3255 1177 3302 vmn

496 3382 664 3431 Rusmcn
692 3383 848 3432 oucTAE.

121 3552 379 3686 Agricultura
407 3608 559 3680 quoque
587 3597 624 3655 et
652 3588 730 3655 vita
758 3589 895 3656 rustica
924 3587 1136 3681 complures
1163 3603 1274 3660 meta-

50 3703 216 3791 phoras
253 3731 292 3790 et
328 3713 625 3811 comparationes
662 3714 861 3787 Plutarcho
888 3732 1169 3810 suggesserunt.
1212 3717 1273 3790 Sic

48 3844 264 3921 VOcabula
300 3849 528 3947 ἄγροικος,
554 3849 725 3941 agresta,
756 3849 980 3944 ἀγροικία,
1009 3852 1084 3917 vita
1114 3852 1269 3931 rustica,

51 3975 212 4051 passim
249 4001 360 4051 sensu
401 3975 693 4057 inhumanitatis,
733 3975 917 4057 inscitiae,
960 3976 1061 4070 apud
1106 3992 1271 4049 nostrum

54 4108 293 4194 OCcurrunt,
320 4107 422 4181 velut
448 4130 535 4200 pag.
567 4126 611 4197 57
642 4102 701 4190 C.‚
730 4110 778 4178 66
808 4104 866 4191 C„
901 4129 967 4195 124
998 4107 1058 4188 B„
1088 4111 1130 4178 81
1164 4107 1206 4178 E.

126 4234 407 4332 Ἀναπολεῖν,
435 4234 536 4330 quod
563 4232 710 4329 proprie
738 4236 852 4306 denuo
875 4261 1019 4305 versare
1045 4263 1176 4332 agrum
1196 4236 1268 4332 sig-

64 4353 221 4453 nificat,
241 4390 352 4440 sensu
370 4389 496 4438 secum
515 4362 724 4458 reputandi,
750 4364 785 4435 in
811 4363 1022 4436 memoriam
1048 4367 1266 4448 revocandi,

1173 4495 1188 4543 ἰ
