2834 4964
653 270 672 336 3

53 473 95 530 et
123 458 397 552 Pygmaeorum
425 478 573 549 pugna,
601 477 716 548 quae,
745 476 969 547 quamquam
988 475 1058 546 per
1076 474 1116 522 se
1137 451 1257 522 delec-

53 585 202 659 tationis
248 587 374 680 plena‚
424 583 570 656 omnino
617 608 690 655 non
729 582 904 654 cohaeret
941 605 1024 652 cum
1060 605 1121 665 re,
1158 581 1257 652 unde

51 716 172 790 oratio
208 715 405 788 exorditur.
462 713 521 785 Sic
559 715 727 809 μονοτονία
762 711 797 783 in
829 709 975 805 proeliis
1004 709 1255 783 describendis

54 872 173 941 saepe
207 843 467 918 iucundissimo
496 844 607 915 modo
636 839 974 936 comparationibus
1002 839 1169 912 evitatur.
1206 839 1258 912 Cf.

60 1004 95 1048 v.
125 1002 155 1048 c.
183 977 220 1047 ll.
248 976 347 1047 XVI.
379 979 473 1066 258,
506 978 597 1063 298,
628 993 722 1064 352,
751 976 844 1063 385,
873 992 968 1062 405,
998 975 1084 1060 428.

105 1079 209 1178 ⁴lnter
249 1106 342 1177 haec
383 1105 458 1176 duo
479 1152 481 1154 -
499 1126 641 1197 genera
681 1085 770 1172 vero
807 1101 898 1172 fines
925 1098 1139 1195 terminique
1166 1099 1257 1172 certi

53 1235 226 1308 constitui
262 1246 450 1330 nequeunt
481 1233 668 1327 habetque
697 1244 893 1325 utrumque
921 1254 1025 1302 suam
1053 1229 1253 1302 utilitatem.

56 1365 155 1437 Nam
185 1390 269 1436 cum
297 1364 384 1435 illud
412 1360 659 1434 necessarium
686 1375 745 1458 est
770 1360 819 1431 ad
848 1358 1110 1454 cogitationem
1137 1361 1257 1432 lucide

57 1494 360 1590 significandam,
388 1494 459 1565 hoc
487 1490 608 1586 potius
636 1508 692 1563 est
716 1489 1004 1562 additamentum
1031 1489 1258 1564 auditoribus

55 1637 275 1721 pergratum
313 1624 362 1694 ad
400 1621 602 1694 molestiam
640 1619 836 1693 continuae
873 1619 1090 1693 narrationis
1130 1622 1258 1694 tollen-

58 1756 155 1826 dam.
211 1752 325 1826 Simul
366 1751 682 1846 comparationum
722 1774 791 1823 usu
832 1749 969 1836 evenit,
1006 1763 1047 1822 ut
1082 1752 1130 1823 ad
1157 1751 1257 1824 audi-

58 1901 161 1958 tores
202 1883 444 1955 delectandos
486 1905 544 1953 res
585 1893 788 1975 tangantur
824 1879 1018 1975 vulgares,
1050 1904 1258 1976 quaecum

59 2014 155 2111 epici
181 2013 349 2086 carminis
376 2026 598 2107 argumento
622 2011 768 2107 proprie
792 2038 865 2084 non
886 2011 1117 2085 conveniunt.
1147 2014 1257 2085 Unde

61 2149 122 2230 fit,
163 2157 204 2215 ut
245 2168 312 2215 eae
346 2143 449 2238 ipsae
478 2141 772 2236 comparationes
801 2144 952 2215 multum
979 2141 1183 2215 adiuverint
1209 2145 1258 2215 ad

60 2275 367 2370 cognoscendam
397 2272 626 2345 Graecorum
653 2272 693 2345 iis
719 2272 947 2367 temporibus
974 2272 1094 2346 vitam.

115 2405 191 2475 lam
219 2402 386 2476 venimus
413 2404 461 2474 ad
488 2401 654 2497 tragicos
681 2418 718 2475 et
745 2402 880 2500 lyricos
907 2410 1047 2498 poetas.
1092 2403 1258 2495 Quorum

59 2536 95 2606 in
146 2548 305 2619 mentes,
347 2532 468 2605 divino
510 2534 672 2628 quodam
713 2532 793 2606 visu
833 2532 1036 2628 praeditas,
1078 2533 1256 2618 omnium,

59 2689 154 2760 quas
190 2677 309 2748 terra,
346 2687 466 2749 mare,
501 2664 645 2735 coelum
673 2665 873 2758 praebent,
901 2664 1110 2758 pulcrarum
1137 2690 1258 2736 rerum

58 2793 240 2889 imagines
280 2793 423 2865 intrant.
478 2794 607 2889 ltaque
648 2819 715 2888 per
754 2818 794 2866 se
830 2793 1056 2889 intellegitur
1082 2795 1150 2867 hos
1177 2796 1259 2890 plus

60 2923 192 3009 etiam,
220 2948 331 3018 quam
359 2923 504 3019 epicos,
532 2923 715 3010 actioneS,
734 2923 901 3018 ingenia,
921 2923 1155 2997 condiciones
1173 2924 1258 2998 ima-

62 3052 212 3159 ginibus
238 3052 427 3126 illustrare.

118 3183 229 3274 Quod
270 3183 400 3256 attinet
440 3186 488 3256 ad
530 3182 709 3278 pedestris
751 3183 925 3256 orationis
966 3184 1179 3280 scriptores,
1224 3186 1259 3258 hi

62 3327 278 3386 accuratam
304 3312 416 3408 ipsius
444 3313 578 3386 obiecti
604 3312 888 3408 descriptionem
915 3315 1005 3387 dare
1036 3315 1256 3410 praeferunt.

64 3443 247 3538 imagines
287 3442 419 3538 igitur,
461 3442 593 3538 quibus
630 3456 795 3529 utuntur,
823 3444 1021 3540 praecipue
1049 3447 1097 3517 ad
1124 3446 1259 3518 docen-

63 3575 151 3644 dum
178 3574 304 3645 valent
331 3588 368 3645 et
395 3574 444 3645 ad
471 3571 744 3645 conclusionem
773 3572 981 3646 faciendam
1009 3576 1259 3648 adhortantur.
1368 3562 1371 3567 ’

63 3702 124 3776 Sic
154 3702 318 3775 Socratis
344 3703 502 3798 dialogi,
531 3702 728 3775 memoriae
757 3704 920 3776 mandati
945 3703 980 3775 in
1005 3705 1259 3800 Xenophontis

63 3831 378 3919 memorabilibus,
432 3833 514 3906 lere
563 3859 691 3906 omnes
745 3833 964 3929 imaginibus
1018 3834 1259 3908 continentur.

63 3962 154 4034 Item
190 3962 316 4048 Plat0,
353 3962 526 4058 quotiens
559 3963 763 4036 orationem
791 3989 894 4037 suam
922 3964 1070 4059 poetico
1097 3966 1259 4060 quodam

65 4093 191 4164 colore
219 4091 364 4179 imbuit,
393 4096 544 4166 crebras
571 4094 750 4189 imagines
777 4095 900 4167 habet.
955 4095 1070 4190 Apud
1093 4108 1260 4168 oratores

64 4235 215 4307 contra,
242 4222 441 4318 praecipue
469 4225 568 4319 apud
596 4249 680 4308 eos,
711 4224 773 4320 qui
802 4229 920 4297 tennis
933 4229 1076 4322 generis
1090 4225 1259 4313 audiunt,

65 4377 149 4424 raro
185 4351 436 4438 inveniuntur,
471 4380 592 4451 neque
620 4354 728 4427 etiam
756 4356 857 4449 apud
884 4369 1028 4427 ceteros
1056 4353 1120 4427 nisi
1146 4380 1259 4450 parce
