2834 4964
684 233 733 300 6ο

107 463 188 510 ram
204 451 329 510 noster
341 434 469 532 petivit
482 460 570 531 pag.
594 441 668 526 326
685 435 746 520 E„
766 435 830 507 ubi
844 436 891 507 de
905 435 1069 520 fortuna,
1097 434 1167 508 sibi
1180 460 1243 508 res
1258 437 1302 508 ab

107 568 324 640 Alexandro
361 567 505 660 Magno
542 579 669 660 gestas
705 563 945 650 adscribenti,
982 563 1084 637 dicit:
1125 575 1196 647 τοῖς
1230 568 1304 640 καθ-

109 699 301 797 υρθώμασιν
342 699 446 794 αὑτὴν
488 697 748 794 ἐπιχράφυυσαν.
804 695 968 768 Conferri
1003 719 1156 790 quoque
1184 709 1305 790 potest

108 851 196 922 pag.
234 850 304 917 331
346 826 404 911 C.‚
441 825 505 897 ubi
542 824 745 897 Alexandri
781 825 912 920 Magni
948 825 1137 898 cicatrices
1164 825 1304 898 virtutis

107 957 187 1030 eius
213 970 251 1028 et
276 955 497 1028 fortitudinis
516 954 769 1049 inscriptiones
788 969 916 1028 vocat:
936 958 993 1027 οὐκ
1012 957 1301 1053 ἐγκαλυπτόμενον

108 1088 183 1158 οὐδὲ
218 1086 491 1184 κατακρύπτοντα
526 1085 586 1164 τὰς
621 1086 739 1178 οὐλάς,
767 1085 841 1156 ἀλλ’
869 1085 982 1182 ὥσπερ
1010 1084 1139 1163 εἰκόνας
1169 1087 1303 1182 έχκεχα-

106 1219 272 1314 ραχμένας
299 1216 421 1313 ἀρετῆς
447 1214 501 1286 καί
529 1214 754 1312 ἀνδραγαθίας
781 1215 1013 1311 περιφέροντα.

159 1344 280 1415 Etiam
308 1345 357 1415 ab
385 1352 465 1413 urle
489 1345 665 1439 ferraria
691 1341 908 1414 Plutarchus
935 1339 1088 1434 sumpsit
1113 1339 1301 1434 imagines.

108 1472 170 1545 Sic
211 1481 425 1569 στομοῦν,
460 1477 614 1570 ferrum
648 1472 846 1564 ιἰιαῖιινανα,
887 1471 934 1543 ad
967 1468 1150 1567 exercitus
1190 1470 1302 1542 latera

106 1603 278 1675 transfert
326 1601 360 1673 in
410 1601 488 1673 vita
528 1600 680 1674 Antonii
723 1626 751 1673 c.
795 1624 842 1691 42
886 1624 975 1695 pag.
1021 1620 1093 1692 935
1138 1599 1205 1674 D.:
1251 1601 1302 1679 τὰς

106 1732 252 1830 πλευρὰς
286 1735 446 1829 ἑκατέρας
481 1732 668 1827 στομώσας.
723 1731 771 1802 Et
807 1730 841 1802 in
878 1729 954 1802 vita
990 1728 1158 1825 Lycurgi
1195 1754 1226 1801 c.
1260 1733 1297 1800 16

106 1884 193 1954 pag.
221 1883 270 1950 49
296 1860 337 1930 E.
357 1859 445 1932 dicit
464 1859 667 1954 Spartanas
686 1860 855 1932 mulieres
874 1860 1029 1932 infantes
1045 1858 1130 1931 vino
1151 1860 1297 1931 abluere

106 1989 354 2063 existimantes
390 1990 439 2062 ita
475 1992 517 2063 τά
553 1991 677 2088 ὑχιεινά
715 1992 823 2093 βρέφη
859 1991 984 2086 μοθνλον
1013 1990 1223 2085 στομοῦσθαι
1249 1989 1296 2060 καί

105 2121 328 2217 κρατύνεσθαι
355 2122 417 2217 τὴν
446 2120 523 2200 ἕξιν.

157 2248 397 2345 Στόμωμα,
426 2253 579 2346 ν[αννιιιιι
616 2248 853 2333 induratum,
888 2250 991 2331 acz'eS,
1018 2245 1163 2341 tropico
1183 2270 1296 2318 vsensu

106 2378 249 2450 roboris
290 2377 448 2450 occurrit
487 2378 523 2449 in
563 2378 639 2450 vita
679 2377 872 2449 Flaminini
909 2402 938 2449 c.
969 2400 987 2447 2
1017 2400 1105 2471 pag.
1136 2381 1212 2467 369
1242 2376 1295 2449 E.:

106 2506 264 2604 Φιλίππῳ
297 2508 358 2605 χάρ
386 2510 427 2604 ἦν
456 2508 618 2603 στόμωμα
645 2511 705 2602 μέν
734 2511 780 2588 εἷς
807 2507 921 2604 μάχην
951 2508 1108 2604 ἀποχρῶν
1137 2511 1161 2604 ἡ
1189 2503 1296 2578 Μακε-

106 2638 208 2707 δόνων
237 2637 338 2734 ἀρχή.
393 2636 432 2705 ln
462 2635 592 2706 eadem
612 2635 687 2707 vita
706 2660 736 2708 c.
757 2659 776 2726 3
798 2660 886 2730 pag.
908 2656 983 2725 370
1002 2636 1041 2706 Β.
1061 2635 1108 2706 de
1128 2633 1295 2725 Quinctio

106 2759 307 2836 Flaminino
331 2765 481 2837 dicitur:
510 2766 584 2844 τοὺς
612 2766 819 2861 ἀκμάζοντας
846 2767 896 2837 ’ἔτι
923 2765 977 2836 καί
1005 2764 1197 2863 προθύμους
1226 2766 1296 2835 ἀνα-

105 2895 218 2996 λαβὼν
240 2895 353 2993 ὥσπερ
373 2898 534 2990 στόμωμα
552 2896 752 2992 τρισχιλίους
770 2896 976 2990 χενυμένυυς,
997 2897 1044 2974 εἷς
1062 2896 1124 2989 τὴν
1140 2889 1296 2993 Ἤπειρον

105 3024 266 3119 ἀσφαλῶς
302 3026 508 3122 διεπέρασεν.
561 3022 654 3117 Pag.
683 3027 756 3111 326
786 3022 825 3092 B.
860 3023 1067 3093 Romanam
1096 3023 1297 3117 potentiam

106 3175 151 3223 ac
170 3154 341 3224 roborem
356 3151 468 3224 veluti
486 3150 602 3223 aciem
617 3151 743 3223 ltaliae
762 3153 1011 3247 praepositam
1026 3176 1107 3225 esse
1127 3152 1299 3247 legimus:

104 3280 173 3377 Τῆς
212 3281 353 3361 Ἰταλίας
388 3284 449 3377 τὴν
487 3284 521 3351 έν
558 3277 676 3377 Ῥώμη
705 3281 840 3376 δύναμιν
869 3283 923 3353 καί
951 3284 1057 3379 ἀλκὴν
1087 3283 1203 3381 ὥσπερ
1233 3285 1299 3354 στό·

105 3438 207 3505 μωμα
234 3390 537 3507 προτεταγμένην.

160 3546 477 3644 Σφυρηλατος,
506 3546 632 3654 malleo
660 3571 780 3631 rusus,
808 3547 1030 3619 vocabulum
1058 3549 1212 3644 proprie
1231 3549 1299 3621 dic-

102 3691 178 3749 tum
220 3676 266 3747 de
303 3674 391 3746 artis
427 3674 624 3747 statuariae
661 3690 698 3747 et
732 3675 868 3747 fabrilis
883 3691 886 3698 '
904 3677 1096 3772 operibus,
1125 3679 1300 3774 imprimis

103 3808 231 3879 statuis
257 3804 401 3897 solidis,
430 3830 526 3900 quae
554 3819 653 3877 totae
681 3819 766 3877 sunt
792 3831 838 3878 ex
864 3832 969 3895 aere,
997 3836 1030 3891 ν.
1059 3835 1088 3881 c.
1117 3835 1164 3882 ex
1191 3835 1300 3895 auru,

103 3962 223 4032 neque
260 3936 384 4008 illitam
422 3936 532 4007 modo
569 3935 799 4030 superficiem
836 3950 874 4008 et
907 3936 1114 4012 inauratam
1139 3941 1299 4026 habent,

102 4090 189 4161 pag.
218 4073 264 4158 65
296 4068 335 4138 Β.
363 4067 410 4138 de
438 4065 595 4138 amicitia
615 4065 826 4137 adhibetur:
856 4068 932 4138 όταν
952 4069 1007 4140 οὖν
1025 4073 1169 4170 ἐλαφρός
1184 4077 1234 4143 ὢν
1250 4073 1304 4146 καί

104 4198 346 4292 ἐπίτηκτος
369 4198 424 4267 καί
443 4199 616 4291 ἀπατηλλς
637 4192 725 4292 (scil.
745 4199 853 4292 φιλας)
873 4197 1012 4293 ἐχχάθεν
1038 4201 1300 4300 ἀντεξετάζηται

103 4326 184 4421 πρλις
206 4324 372 4419 ἀληθινὴν
396 4326 451 4395 καί
474 4325 619 4426 ἐμβριθῆ
645 4327 757 4421 φιλίαν
780 4325 835 4395 καί
866 4327 1148 4424 σφυρήλατον,
1176 4358 1208 4401 κ.
1226 4359 1256 4402 τ.
1272 4333 1302 4403 λ.
