2834 4964
647 252 691 323 53

69 462 169 511 1022
200 438 267 523 A.‚
305 436 369 509 ubi
404 436 630 509 Artaxerxes
665 435 794 510 dicitur
828 439 1008 540 βραβεῦσαι
1037 441 1098 536 τὴν
1127 442 1263 538 εἰρήνην

59 577 136 649 τοῖς
158 564 335 664 Ἕλλησιν.

118 697 156 768 Α
183 723 331 778 cornua,
362 721 472 791 quam
499 695 660 768 victores
687 695 851 790 praemio
886 694 1135 790 accipiebant,
1165 721 1263 768 com-

64 825 293 922 parationem
329 825 456 920 petivit
491 826 708 899 Plutarchus
743 850 831 920 pag.
863 830 934 914 786
963 826 1023 900 F.:
1056 827 1110 898 καλ
1138 828 1191 898 δεῖ
1215 829 1261 924 μὴ

63 964 243 1056 περιορᾶν,
268 957 382 1054 ὥσπερ
402 957 582 1053 ἀθλητικὸν
601 959 778 1053 στέφανον,
798 958 833 1026 έν
854 956 942 1053 γήρᾳ
960 955 1061 1053 ξηρὰν
1080 949 1262 1053 γενομένην
1298 1026 1300 1031 ⁴

64 1087 127 1182 τὴν
157 1087 265 1166 δόξαν.
294 1083 346 1157 Cf.
374 1108 462 1179 pag.
490 1090 539 1174 46
566 1084 605 1155 B.

117 1214 158 1283 In
187 1213 260 1285 vita
288 1212 435 1286 Periclis
463 1238 493 1285 c.
512 1220 568 1286 28.
597 1238 684 1308 pag.
715 1219 783 1303 167
810 1213 857 1284 D.
882 1212 966 1285 dicit
987 1212 1164 1284 Periclem
1178 1227 1264 1307 post

66 1344 258 1415 funebrem
283 1343 487 1416 orationem
506 1343 670 1416 habitam
685 1344 731 1415 de
745 1342 785 1415 iis
800 1342 908 1437 quiin
925 1343 1023 1415 bello
1038 1368 1120 1416 cum
1137 1342 1264 1416 Samiis

66 1472 200 1544 mortui
219 1488 342 1559 erant,
362 1473 487 1546 rostris
505 1475 793 1546 descendentem
809 1498 831 1544 a
846 1472 1054 1546 mulieribus
1069 1473 1213 1546 coronis
1228 1488 1265 1546 et

62 1602 184 1674 fasciis
199 1618 418 1676 exornatum
429 1629 525 1690 esse,
542 1618 736 1698 tamquam
745 1603 920 1675 athletam
930 1602 1080 1675 victoria
1090 1604 1261 1700 potitum:

61 1735 308 1835 καταβαίνοντα
335 1729 363 1805 δ’
386 1736 485 1806 αδτδν
510 1736 576 1805 ἀπδ
599 1741 656 1805 τοῦ
683 1734 833 1834 βήματος
856 1739 891 1805 αἱ
915 1734 973 1828 μέν
999 1734 1097 1806 ἄλλαι
1110 1743 1262 1831 Ιγυναῖκες

60 1862 250 1941 ἐδεξιοῦντο
273 1862 328 1933 καλ
357 1862 533 1958 στεφάνοις
560 1862 696 1933 ἀνέδουν
721 1862 776 1932 καλ
800 1863 950 1952 ταινίαις,
973 1861 1086 1960 ὥσπερ
1106 1864 1260 1960 ἀθλητὴν
1347 1909 1349 1913 2

62 1991 255 2088 νικηφόρον.

19 2131 21 2136 ’
61 2169 64 2173 «
117 2115 396 2211 Πένταθλον,
424 2122 712 2212 quinquertium,
732 2117 987 2190 continebatur
1005 2117 1164 2213 quinque
1185 2143 1261 2190 cer-

58 2244 278 2332 taminibus,
315 2272 471 2343 quorum
508 2249 600 2319 ordo
638 2247 719 2319 talis
754 2247 863 2320 fuisse
896 2248 1049 2334 videtur,
1082 2248 1199 2343 qualis
1226 2248 1260 2320 in

60 2375 274 2449 Semonidis
310 2376 575 2472 epigrammate
603 2377 803 2450 invenitur:
840 2379 943 2474 ἅλμα,
972 2381 1101 2478 δρόμος,
1128 2381 1259 2473 δίσκος,

56 2507 233 2600 οἰκόντιον,
261 2508 367 2606 τάλη.
422 2509 455 2580 Is
491 2506 552 2603 qui
579 2506 612 2579 in
641 2507 758 2580 tribus
786 2506 1043 2580 certaminibus
1074 2507 1260 2580 victoriam

58 2649 337 2729 reportaverat,
365 2636 481 2710 victor
508 2637 726 2734 quinquertii
753 2637 1042 2710 renuntiabatur.
1097 2637 1148 2710 Cf.
1171 2637 1260 2710 Poll.

52 2763 136 2836 On.
173 2765 239 2851 ΙΙΙ,
274 2788 362 2859 151,
392 2767 595 2854 Lucillium,
624 2769 734 2840 Anth.
762 2769 838 2840 Pal.
866 2769 935 2853 XI,
979 2767 1197 2858 84‚.Schol.
1224 2766 1259 2839 in

62 2895 202 2968 Aesch.
240 2897 316 2991 Ag.
360 2918 448 2987 171,
486 2898 608 2971 Schol.
635 2898 670 2970 in
699 2899 848 2971 Aristid.
877 2898 1030 2976 Panath.
1057 2923 1145 2993 pag.
1182 2923 1260 2970 112.

55 3025 171 3116 Quae
197 3026 348 3099 victoria
375 3042 454 3100 erat
481 3028 640 3101 omnium
668 3027 975 3124 splendidissima,
995 3042 1033 3100 at
1051 3053 1124 3100 non
1144 3028 1259 3101 unica.

56 3155 220 3228 Evenire
238 3183 272 3229 v.
288 3181 318 3229 c.
334 3172 498 3252 poterat,
528 3172 568 3230 ut
586 3158 666 3255 quis
685 3185 759 3231 uno
779 3158 813 3229 in
829 3157 1024 3231 certamine
1044 3183 1173 3230 omnes
1185 3157 1260 3230 vin-

61 3299 185 3372 ceret,
213 3311 341 3359 omnes
369 3313 443 3359 uno
468 3302 626 3383 excepto
645 3288 679 3359 in
699 3302 876 3383 quattuor
893 3287 1056 3383 reliquis,
1085 3289 1267 3383 quemad?

60 3416 214 3488 modum
242 3415 371 3490 fecisse
399 3432 568 3490 narratur
587 3420 720 3491 Peleus
738 3444 761 3491 a
775 3418 994 3491 Philostrato
1010 3421 1142 3515 Gymn.
1159 3443 1191 3509 3.
1207 3418 1258 3490 Cf

59 3545 111 3616 M.
141 3545 282 3617 Faber:
312 3568 418 3641 „zum
438 3549 666 3643 Funflrampf
679 3550 745 3621 der
764 3548 976 3622 Griechen.''
1003 3548 1128 3620 Philol.
1154 3554 1258 3639 1891.

115 3672 370 3771 Comparati0,
410 3677 493 3749 inde
535 3679 749 3774 desumpta,
790 3679 928 3773 legitur
967 3703 1055 3773 pag.
1100 3684 1171 3769 738
1212 3680 1257 3751 A.

56 3804 214 3877 Confert
239 3804 290 3878 ibi
318 3807 474 3902 scriptor
509 3807 662 3880 litteram
690 3837 712 3880 a
741 3834 823 3881 cum
853 3808 991 3881 victore
1019 3808 1257 3904 quinquertii,

49 3935 150 4030 quia
178 3935 292 4008 tribus
321 3938 434 4010 rebus
462 3937 620 4033 rehquas
642 3939 781 4011 litteras
804 3937 930 4011 vincit:
949 3939 1146 4034 plerasque
1169 3938 1258 4010 alias

49 4091 108 4137 feo
150 4066 252 4160 quod
287 4067 425 4139 vocalis
461 4083 535 4154 est;
571 4069 721 4141 vocales
758 4070 860 4163 quod
891 4093 1046 4164 anceps;
1083 4067 1258 4164 ancipites

55 4193 178 4290 ipsas,
207 4196 308 4290 quod
333 4190 480 4293 vsemper
507 4222 573 4271 eas
598 4198 805 4294 praecedit,
842 4222 1040 4292 numquam
1068 4188 1257 4292 subsequi-

52 4339 139 4397 tur:
169 4327 219 4419 διδ
246 4335 317 4406 ταῖς
344 4330 468 4426 τρισίν,
496 4329 609 4428 ὥσπερ
633 4334 664 4400 οἱ
689 4329 893 4424 πένταθλοι,
920 4330 1068 4428 περίεστι
1086 4329 1141 4399 καλ
1160 4336 1256 4424 νικᾷ,
