2834 4964
676 253 722 320 32

104 436 217 533 ὥσπερ
245 437 322 506 ἔνιοι
350 438 552 533 ψηφίσαντες
574 437 662 508 πόσα
682 439 844 534 φέρουσαν
864 438 1084 538 λαμβάνουσιν
1102 438 1123 510 i.
1145 464 1179 512 e.
1203 443 1311 536 quod

102 562 240 635 faciunt
270 562 432 648 nonnulli
461 573 695 660 supputantes
725 590 886 659 sponsae
914 568 1039 640 dotem
1071 593 1117 641 ac
1148 546 1310 645 divitias.

155 694 246 788 Pag.
284 699 353 766 611
388 694 434 766 Α.
470 719 545 767 non
581 708 697 768 totam
731 695 843 768 vitam
877 699 927 769 ob
954 696 1101 770 unicum
1130 701 1309 775 dolorem

96 822 240 896 tristem
259 824 468 896 habendam
493 849 574 897 esse
593 824 688 911 dicit,
709 840 975 922 comparatque
995 852 1077 900 eam
1092 853 1180 902 cum
1199 829 1308 915 libro,

103 953 248 1025 unicam
285 953 428 1026 lituram
465 954 633 1041 habenti,
662 956 747 1027 dum
775 956 916 1051 reliqua
944 956 1064 1030 omnia
1091 983 1192 1054 pura
1223 976 1310 1034 sunt

103 1098 141 1156 et
167 1083 328 1156 sincera:
366 1085 446 1183 ὅπερ
472 1089 553 1183 ἡμῖν
578 1085 698 1157 παθεῖν
726 1087 763 1156 οὐ
795 1088 952 1185 προςήκει
980 1097 1226 1185 συκοφαντοῦσι
1254 1096 1309 1164 τὸν

104 1219 229 1285 ἑαυτῶν
258 1214 338 1314 βίον,
365 1218 393 1285 εἰ
421 1216 497 1309 μίαν
523 1216 677 1311 ἔσχηκεν,
705 1216 818 1313 ὥσπερ
842 1216 965 1316 βιβλίον
974 1256 987 1311 ρ
1001 1218 1146 1315 ἀλοιφὴν
1166 1222 1204 1290 ἐν
1225 1228 1309 1293 ποῖσι

102 1341 259 1439 καθαροῖς
286 1344 340 1444 καὶ
366 1344 528 1439 ἀκεραίοις
555 1351 620 1422 τοῖς
648 1343 769 1422 ἄλλοις.

252 1618 269 1716 ψ
298 1623 330 1690 6.
386 1619 664 1689 METAPHORAE
690 1643 718 1688 A
743 1642 851 1690 Luurs
878 1642 1159 1720 DEPROMPTAE.

156 1863 208 1933 Ut
234 1867 369 1956 poetae
397 1874 435 1932 et
462 1859 589 1955 reliqui
607 1859 819 1954 scriptores
839 1861 1049 1954 complures
1075 1861 1308 1940 Plutarchus

104 1992 341 2086 metaphoras
377 1989 504 2085 petivit
540 1991 674 2062 alodo
703 1999 927 2061 tesserarum.
982 1989 1043 2063 Sic
1070 1995 1306 2068 vocabulum

103 2125 410 2223 ἀναρριπτεῖν,
451 2122 553 2216 quod
593 2120 740 2216 proprie
782 2130 933 2191 tersurus
972 2121 1033 2193 vel
1066 2124 1160 2194 tulos
1188 2129 1308 2198 iacere

104 2251 306 2346 significat,
343 2250 389 2322 de
417 2275 463 2323 eo
492 2251 554 2346 qui
589 2250 834 2346 periculosum
863 2249 1084 2344 aggreditur
1110 2252 1307 2343 laborem,

105 2395 275 2476 usurpat:
304 2407 337 2452 v.
366 2406 395 2452 c.
423 2380 457 2452 in
485 2371 560 2453 uita
587 2380 693 2452 Arati
720 2405 750 2452 c.
779 2401 800 2473 5
830 2404 918 2474 pag.
959 2404 1053 2471 1029
1083 2381 1123 2452 B.
1144 2385 1308 2486 ἀναρριπ-

104 2522 168 2584 πεῖν
214 2516 250 2583 το
289 2518 354 2581 πᾶν
394 2516 474 2610 προς
516 2513 572 2582 ἕνα
612 2512 772 2606 κίνδυνον,
812 2510 847 2581 in
888 2510 963 2582 vita
1005 2510 1136 2583 Niciae
1180 2538 1214 2586 c.
1262 2539 1300 2586 11

104 2665 192 2736 pag.
222 2663 290 2734 531
315 2641 362 2712 A.
391 2643 568 2739 ἀναρρίψας
602 2644 655 2712 τον
691 2641 843 2736 κίνδυνον,
869 2639 903 2711 in
932 2640 1014 2724 vita*
1034 2642 1308 2719 Demosthenis

106 2797 135 2843 c.
167 2795 214 2844 20
237 2796 326 2865 pag.
347 2778 418 2864 855
441 2771 491 2855 B,
510 2770 544 2840 in
565 2795 725 2864 compar.
745 2771 819 2843 Sol.
834 2784 872 2842 et
886 2770 1022 2866 Poplic.
1042 2796 1130 2866 pag.
1153 2797 1223 2846 111
1250 2778 1304 2859 Β.,

104 2902 139 2974 in
167 2927 327 3001 compar.
355 2902 472 2996 Ages.
501 2915 538 2973 et
565 2902 691 2996 Pomp.
712 2927 742 2973 c.
762 2927 784 2992 4
805 2926 893 2996 pag.
915 2907 986 2992 663
1008 2903 1058 2987 F.
1077 2901 1111 2973 in
1132 2881 1306 3000 compar.

105 3032 234 3106 Dionis
262 3048 299 3105 et
325 3033 427 3104 Bruti
454 3058 483 3104 c.
518 3058 530 3104 1
563 3058 651 3128 pag.
686 3056 782 3104 1010
799 3034 845 3103 A.
983 3017 987 3025 ⁶

158 3165 196 3234 ln
225 3163 300 3236 vita
326 3163 428 3235 Bruti
456 3189 486 3235 c.
514 3187 565 3253 40
592 3188 680 3258 pag.
715 3186 808 3235 1002
840 3164 886 3233 D.
907 3162 1123 3234 Plutarchus
1142 3164 1305 3238 Brutum

105 3294 286 3366 dicentem
322 3293 426 3380 facit,
463 3318 502 3365 se
541 3308 711 3365 coactum
747 3316 828 3364 esse
865 3317 924 3364 res
959 3292 1100 3387 patriae
1126 3291 1163 3364 in
1192 3296 1308 3368 unius

104 3450 256 3520 pugnae
294 3423 485 3496 discrimen
521 3424 728 3509 adducere,
765 3424 868 3517 quod
903 3423 1000 3495 hisce
1038 3421 1160 3495 verbis
1188 3424 1306 3520 signi-

107 3558 213 3627 ficat:
247 3557 507 3650 ἀναγκαζόμενος
535 3555 587 3625 h&
615 3562 689 3649 μιᾶς
718 3556 829 3651 μάχης
857 3557 1030 3653 ἀναρρῖψαι
1056 3556 1109 3624 τον
1136 3557 1215 3652 περὶ
1243 3566 1307 3655 τῆς

104 3686 258 3783 πατρίδος
286 3684 392 3783 κύβον.

158 3814 197 3883 ln
226 3811 301 3883 vita
329 3810 430 3882 Fabii
458 3810 605 3882 Maximi
633 3836 662 3882 c.
698 3834 739 3900 ιιι
769 3835 857 3905 pag.
892 3816 958 3882 182
990 3811 1029 3880 B.
1054 3810 1100 3881 de
1122 3811 1306 3887 Terentio

105 3944 273 4016 Varrone
301 3941 475 4036 legimus:
504 3942 602 4040 δῆλος
629 3944 670 4038 ἦν
698 3941 795 4020 εὐθὺς
823 3943 956 4039 ἀπειρίᾳ
974 3942 1027 4011 καὶ
1044 3939 1230 4038 θρασύτητι
1249 3948 1306 4016 τὸν

105 4077 180 4171 περὶ
206 4084 270 4145 τῶν
298 4074 382 4144 ὅλων
410 4073 595 4169 ἀναρρίψων
622 4070 729 4170 κύβον.

158 4203 197 4271 ln
225 4201 299 4273 vita
328 4197 511 4273 Coriolani
540 4224 569 4270 c.
600 4223 618 4288 3
650 4223 736 4293 pag.
768 4223 839 4288 214
869 4200 916 4268 D.
942 4195 1260 4292 comparationem
1279 4225 1304 4273 a

107 4347 327 4403 tesserarum
355 4331 443 4402 ludo
471 4329 621 4425 petitam
648 4328 867 4410 invenimuS,
888 4329 950 4401 ubi
969 4352 1060 4422 rege
1079 4308 1303 4421 Tarquinio,
