2834 4964
684 228 726 295 14

102 436 239 506 parans
279 436 361 483 eam
398 435 480 483 cum
517 411 709 484 aversione
747 411 864 485 morbi
899 412 933 483 in
970 426 1096 507 partes
1133 413 1318 508 corporis

103 567 177 615 non
214 541 448 637 praecipuas:
489 541 641 640 καθάπερ
677 549 711 614 αἱ
742 552 807 613 τῶν
839 544 943 613 νόσων
979 546 1024 622 εἰς
1060 543 1101 613 τὰ
1129 545 1179 639 μη
1213 543 1318 642 κόρια

104 675 190 769 μέρη
218 679 273 742 τοῦ
301 676 453 767 σώματος
482 671 635 769 ἐκτροπαλ
662 672 799 768 σημεῖόν
827 674 923 766 εἰσιν,
951 673 987 742 οδ
1016 672 1161 767 φαῦλον,
1203 671 1317 752 οὕτως

102 804 125 896 ἡ
166 802 261 871 κακία
300 808 365 871 τῶν
405 800 652 897 προκοπτόντων
692 801 815 893 ἔοικεν,
856 803 901 878 εἰς
928 802 1162 896 ’ἐπιεικέστερα
1207 799 1314 897 πάθη

104 927 349 1023 μεθισταμένη,
377 928 460 998 κατὰ
489 930 599 1025 μικρδν
627 926 870 1022 ἐξαλείφεσθαι.

155 1056 227 1127 Pro
246 1056 434 1127 vocabulo
453 1056 545 1154 κόρια
565 1055 696 1126 Petrus
713 1054 848 1126 Nikitin
868 1054 916 1150 (in
936 1055 1129 1149 melanges
1142 1079 1315 1149 graeco-

103 1182 262 1255 romains
294 1182 381 1256 tires
415 1185 465 1255 du
497 1183 648 1255 bulletin
677 1185 724 1256 de
749 1184 966 1257 l’academie
1006 1182 1195 1279 imperiale
1241 1187 1315 1259 des

103 1311 268 1385 sciences
309 1316 356 1386 de
398 1313 451 1386 St.
487 1314 743 1409 Petersbourg
789 1319 882 1405 1892
918 1328 1004 1387 tom.
1038 1320 1080 1398 6,
1114 1340 1205 1410 pag.
1250 1315 1314 1414 10)

104 1443 244 1515 mavult
267 1448 395 1543 καίρια,
423 1457 464 1515 ut
491 1443 579 1516 sint‘:
600 1455 727 1539 portes
753 1450 930 1540 corporis,
958 1472 1117 1541 quorum
1154 1451 1312 1520 morbus

105 1575 225 1644 letalis
243 1601 309 1644 esse
330 1574 432 1656 solet,
462 1573 672 1669 stabilitque
700 1599 782 1646 eam
802 1574 1096 1647 emendationem
1115 1599 1206 1670 pag.
1232 1601 1308 1668 223

67 1692 72 1704 ’
105 1701 163 1787 Ο,
196 1727 285 1797 pag.
321 1727 390 1793 341
429 1705 475 1774 D.

158 1833 195 1902 A
225 1834 366 1904 bibendo
394 1859 543 1929 quoque
567 1848 605 1906 et
630 1836 758 1907 edendo
778 1836 986 1930 complures
1006 1834 1312 1930 comparationes

104 1961 262 2056 scriptor
298 1963 534 2058 deprompsit.
590 1964 651 2036 Sic
687 1965 922 2063 γεύεσθαι,
954 1975 1121 2061 gustare,
1158 1967 1310 2061 tropice

105 2092 256 2164 adhibet
283 2106 371 2188 pag.
401 2098 447 2183 38
477 2094 515 2166 C.
543 2097 639 2189 λόγου
668 2097 807 2192 μηδενδς
834 2097 1030 2191 γευόμενος,
1057 2119 1145 2189 pag.
1175 2101 1220 2168 81
1257 2099 1309 2170 D.

108 2224 197 2320 ἀνδρὶ
215 2226 408 2320 γευσαμένῳ
427 2232 598 2321 προκοπῆς
618 2222 764 2320 ἀληθοῦς
786 2226 819 2293 ἐν
838 2225 1033 2320 φιλοσοφίᾳ,
1053 2248 1140 2319 pag.
1164 2246 1241 2317 590
1261 2229 1311 2299 A.

82 2352 176 2448 Ιἄρτι
211 2352 386 2446 γευόμενος
420 2352 636 2448 φιλοσοφίας,
663 2376 752 2446 pag,
783 2357 856 2423 806
887 2352 933 2423 D.
963 2354 1059 2450 δόξης
1087 2359 1311 2454 γεγευμένος,

106 2502 195 2573 pag.
225 2499 295 2570 595
326 2479 373 2549 D.
403 2481 578 2575 γευόμενος
606 2481 737 2577 ἄθλων,
765 2481 799 2552 in
827 2481 902 2553 vita
930 2482 1054 2555 Sullae
1093 2509 1124 2556 c.
1155 2507 1173 2573 3
1215 2509 1311 2580 pag.

107 2629 181 2700 452
213 2608 250 2678 F.
280 2613 296 2678 ὁ
323 2607 452 2687 Σύλλας
479 2614 535 2678 τοῦ
562 2610 719 2704 τιμᾶσθαι
746 2614 940 2707 γευόμενος,
968 2611 1001 2682 in
1031 2611 1106 2684 vita
1134 2612 1310 2688 Caesaris

106 2762 136 2809 c.
166 2743 214 2809 66
252 2760 340 2831 pag.
373 2756 445 2826 739
474 2736 520 2806 D.
553 2738 736 2832 γευσασθαι
763 2749 818 2812 τοῦ
847 2745 966 2837 φόνου,
993 2741 1027 2813 in
1056 2742 1131 2814 vita
1156 2742 1308 2818 Galbae

108 2892 139 2939 c.
175 2891 214 2957 13
254 2890 342 2960 pag.
377 2871 471 2958 1058
501 2864 540 2937 C.
577 2870 750 2963 γενόμενος
778 2871 946 2968 ἐξουσίας,
978 2871 1013 2943 in
1041 2871 1116 2944 vita
1144 2873 1308 2947 Demos-

107 2995 225 3068 thenis
262 3020 291 3067 c.
330 3001 359 3067 ό.
388 3020 476 3090 pag.
516 3001 588 3086 848
622 2997 669 3068 D.
702 2999 902 3094 γευσάμενος
930 3003 1136 3098 φιλοτιμίας,
1164 3001 1198 3072 in
1228 3003 1309 3077 vita

108 3126 237 3198 Niciae
265 3151 296 3198 c.
325 3150 346 3217 9
375 3150 463 3220 pag.
495 3132 567 3219 528
596 3127 635 3198 F.
663 3129 833 3224 γευόμενοι
860 3131 981 3209 ἀδείας.

160 3256 357 3354 Πεινην,
383 3261 523 3327 esurire
549 3270 587 3329 et
628 3259 778 3357 διψῆν,
818 3261 937 3345 sitire,
972 3284 1082 3333 sensu
1123 3264 1306 3338 translato

107 3384 276 3479 cupiendi
302 3385 423 3480 posita
449 3400 647 3458 occurrunt
665 3411 752 3482 pag.
779 3410 874 3458 1100
893 3389 933 3458 Β.
952 3400 1126 3471 πεινῶντες
1146 3395 1306 3491 ἐπαίνου,

108 3541 196 3611 pag.
236 3537 309 3606 790
346 3517 391 3586 D.
419 3520 500 3587 νέων
532 3518 700 3613 διψώντων
737 3519 854 3616 δόξης,
893 3516 928 3588 in
956 3518 1031 3590 vita
1059 3519 1164 3591 Marii
1191 3545 1220 3591 e.
1250 3547 1301 3614 43

105 3671 193 3741 pag.
230 3669 300 3735 431
334 3647 373 3716 Β.
411 3645 510 3744 θυμῷ
545 3647 677 3743 διψῶντι
704 3644 760 3718 τοῦ
788 3648 954 3746 φονεόειν,
982 3647 1016 3719 in
1044 3649 1118 3721 vita
1148 3651 1305 3727 Catonis

107 3775 256 3847 Maioris
284 3800 314 3846 c.
349 3798 387 3844 11
419 3798 508 3868 pag.
537 3797 609 3864 342
641 3775 682 3845 Ε.
712 3776 830 3874 δψῶσι
857 3787 966 3876 τιμῆς.

154 3905 247 3998 Pag.
284 3927 332 3993 42
363 3905 409 3975 D.
437 3903 522 3975 dicit
548 3903 718 3998 imprimis
745 3906 946 3980 sententias
974 3907 1126 3981 dicentis
1153 3911 1300 3985 audito-

106 4034 204 4105 ribus
242 4035 528 4128 cognoscendas
556 4059 662 4119 esse,
689 4034 821 4108 deinde
849 4036 1045 4110 dictionem
1074 4063 1155 4112 esse
1184 4043 1303 4114 consi-

107 4164 328 4255 derandam,
365 4189 413 4235 an
450 4165 604 4259 elegans
629 4164 775 4261 'aliquid
812 4167 950 4240 habeat
985 4184 1022 4240 et
1049 4170 1303 4259 elaboratum,

108 4317 327 4387 comparans
345 4293 530 4367 auditores
550 4320 634 4367 cum
648 4294 875 4382 bibentibus,
893 4297 1072 4371 exstincta
1086 4302 1232 4372 demum
1249 4302 1307 4374 siti
