2834 4964
177 1383 454 1528 Metaphorae
484 1383 528 1493 οί
562 1383 904 1526 comparationes
937 1383 1148 1493 anatum
1175 1383 1408 1526 petitae.

658 1734 866 1743 ——-——-

283 1995 301 2094 ξ
336 2020 363 2068 1.
417 1996 689 2069 METAPHORAE
715 2020 767 2067 AB
792 2019 1030 2068 ANIMALIBUS
1057 2019 1240 2068 SUMPTAE.

220 2220 471 2295 Creberrimae
507 2220 688 2316 imagines
724 2245 747 2293 a
782 2219 891 2294 variis
922 2218 1128 2292 animalium
1155 2219 1388 2317 generibus

166 2366 334 2448 sumptae
361 2352 462 2447 apud
488 2351 724 2423 Plutarchum
748 2348 986 2446 reperiuntur.
1014 2349 1172 2422 Primum
1188 2375 1381 2423 recense-

167 2506 270 2554 amus
296 2482 419 2568 10c05‚
447 2480 509 2554 ubi
536 2481 722 2554 vocabula
751 2483 881 2578 ζῴον,
909 2481 1085 2579 θηρίον,
1105 2479 1375 2575 metaphorico

166 2637 276 2685 sensu
304 2611 462 2684 adhibet.
505 2610 565 2684 Sic
592 2636 680 2707 pag.
711 2634 785 2701 330
812 2611 852 2680 B.
880 2610 927 2681 de
947 2609 1163 2683 Alexandro
1181 2609 1370 2706 legimus:

166 2741 249 2837 ἔθνη
289 2743 495 2814 δυσκάθεκτα
535 2742 589 2814 καί
630 2742 805 2839 μαχόμενα
845 2741 998 2838 καθάπερ
1039 2741 1110 2837 ζῷα
1149 2741 1365 2826 τιθασεύων,

165 2894 253 2965 pag.
283 2894 357 2961 329
386 2871 444 2942 Β.;
471 2872 734 2969 προςφερόμενος
760 2877 826 2950 τοῖς
854 2869 1030 2971 βαρβάροις
1057 2873 1103 2949 ὡς
1131 2871 1249 2967 ζῴοις,
1268 2887 1363 2964 pag·

20 3032 22 3036 ·
167 3023 212 3090 93
243 3000 302 3070 E:
330 3004 354 3098 ἡ
382 3003 474 3097 φιλία
501 3000 659 3094 σύννομόν
688 3001 757 3070 ἐστι
787 3000 882 3095 ζῴον.

216 3131 308 3225 Pag.
344 3135 418 3221 462
457 3131 497 3201 F.
532 3128 585 3201 ira
622 3152 706 3201 curn
740 3127 817 3200 fera
854 3141 1107 3221 comparatur:
1151 3133 1287 3208 οἰκέταις
1318 3119 1364 3193 ὃὲ

164 3261 217 3332 καί
251 3262 399 3340 πολίταις
434 3262 488 3332 τον
523 3260 629 3354 θυμὸν
658 3258 771 3357 ὥσπερ
799 3257 915 3356 θηρίον
945 3259 1091 3354 ἐφίεμεν.
1135 3259 1227 3354 Pag.
1261 3267 1367 3330 1100

165 3389 211 3459 D.
247 3387 400 3483 legitur:
438 3389 614 3487 θηριωδῶς
647 3390 723 3483 ζῆν,
755 3409 843 3482 pag.
886 3410 952 3476 133
991 3387 1051 3457 Β.;
1084 3389 1121 3458 τθ
1148 3390 1275 3460 κονικον
1298 3373 1373 3458 nod

165 3519 330 3617 θηριῶδες
357 3527 424 3590 τῶν
451 3519 590 3616 ὀρέξεων
617 3520 783 3613 κατέχειν.
823 3515 873 3589 Cf.
901 3541 988 3611 pag.
1019 3521 1092 3606 809
1121 3517 1184 3602 D„
1214 3523 1261 3590 86
1287 3517 1376 3588 Da

168 3671 213 3737 33
245 3647 283 3718 F·

21 3800 25 3807 ·
56 3774 58 3778 '
216 3777 413 3849 Vocabula
441 3779 592 3875 ἄγριος
620 3790 658 3848 et
684 3778 870 3876 ἥμερος,
898 3776 1046 3873 proprie
1074 3778 1121 3849 de
1142 3771 1380 3850 animalibus

165 3906 276 4002 dieta,
304 3907 404 3981 varie
431 3905 712 3991 transferuntur,
739 3906 852 3979 veluti
878 3907 927 3979 ad
941 3908 1078 3979 luctum
1096 3931 1185 4004 pag.
1206 3913 1279 4000 609
1290 3909 1337 3980 Ε.
1360 3918 1370 3962 ⁵

165 4037 261 4135 ἄγρια
287 4038 420 4134 πένθη,
446 4036 495 4108 ad
525 4048 763 4131 tempestates
782 4061 870 4131 pag.
887 4043 934 4126 38
951 4038 1009 4111 Β.;
1031 4040 1160 4135 ἀγρίους
1173 4048 1363 4135 χειμῶνας,

166 4166 214 4235 ad
240 4165 403 4237 homines
430 4163 464 4235 in
492 4163 567 4237 vita
596 4164 763 4238 Caesaris
790 4191 878 4261 pag.
909 4187 981 4256 717
1011 4167 1051 4236 E.

219 4293 328 4366 Simili
368 4293 604 4367 translatione
645 4298 913 4395 ἀηριοῦσθαι
945 4294 1076 4368 dicitur
1106 4297 1154 4368 de
1184 4312 1299 4372 vento
1324 4299 1350 4371 in
