2834 4964
155 91 314 183 Aquilae
327 103 364 161 et
380 90 490 160 leones
502 88 537 160 in
553 88 828 183 comparatione
843 103 1042 162 occurrunt
1055 115 1145 185 pag.
1164 112 1238 184 520
1249 93 1343 163 F—

54 286 56 291 ,
104 220 166 293 ubi
192 218 348 315 scriptor
373 219 424 292 ait
451 218 697 292 curiositatem
725 219 830 292 nobis
858 245 930 292 non
949 220 1203 321 hebetandam
1218 247 1343 295 esS

103 349 278 423 vilissimis
318 349 352 421 in
395 351 525 435 rebus
557 350 624 421 sed
652 350 701 421 ad
740 374 877 444 graves
917 374 977 422 res
1017 353 1343 424 reservandan:

102 481 197 554 sicut
232 481 359 554 leones
387 493 425 552 et
447 478 591 576 aquilae
615 479 803 574 unguibus
817 479 852 550 in
881 480 1110 553 ambulando
1139 507 1343 576 parcum

102 636 148 683 ne
185 612 234 683 ad
270 635 436 707 pugnam
469 610 610 683 debiles
636 611 865 705 hebetesque
893 611 965 683 sint
991 610 1146 686 redditi:
1185 614 1343 685 ὥσπΞ

104 742 164 844 γὰρ
201 747 231 813 οἱ
266 742 355 814 ἀετοί
389 742 443 813 καί
478 746 508 812 οἱ
541 743 673 820 λέοντες
701 743 734 811 ἐν
760 747 810 839 τῷ
835 749 1030 840 περιπατεῖν
1057 744 1343 840 σοατρέφοοσε

104 874 183 942 εἴσω
210 870 285 949 τούς
312 871 452 967 ῦνοχας,
481 871 531 941 ἵνα
559 871 606 966 μὴ
633 871 693 966 τὴν
721 871 829 965 ἀκμὴν
856 870 964 941 αὐτῶν
991 871 1045 941 καλ
1071 873 1132 967 τὴν
1155 870 1320 966 ύξύτιοτν

102 1000 359 1099 κατατρίβωσιν,
396 997 482 1070 ούτω
517 1000 554 1070 τύ
588 996 824 1097 πολύπραγμον
859 1003 917 1068 τοῦ
952 999 1161 1093 φιλομαθοῦς
1190 996 1343 1094 ἀκμῇ

103 1156 174 1199 τινα
208 1129 261 1199 καί
296 1129 457 1222 στόμωμα
493 1128 678 1221 νομίζοντες
713 1128 824 1223 ἔχειν,
859 1128 905 1222 μὴ
943 1129 1236 1222 καταναλίσκωμεν
1262 1123 1343 1197 Ξ

102 1264 168 1336 τοῖς
196 1257 373 1354 ἀχρήστοις
401 1254 478 1352 μηδ’
506 1253 785 1354 ἀπαμβλύνωμεν.
898 1326 901 1331 ,

156 1383 343 1483 Τράγος,
371 1385 514 1468 hircus,
542 1382 667 1477 imago
695 1395 752 1455 est
778 1381 930 1455 libidinis
956 1406 1044 1477 pag.
1079 1406 1150 1473 139
1167 1384 1218 1470 Β.,
1238 1385 1343 1455 ul:

105 1514 341 1600 Plutarchus,
377 1527 580 1609 praecepta
617 1513 826 1609 coniugaha
860 1537 1091 1607 proponens,
1130 1513 1308 1596 muliere:

106 1667 188 1716 esse
216 1641 318 1728 dicit,
346 1667 443 1738 quae
472 1667 555 1716 cum
582 1642 665 1715 viris
692 1641 1017 1736 intemperantibus
1040 1657 1078 1714 et
1100 1641 1343 1716 libidinosi,

105 1774 207 1846 velut
235 1798 318 1845 cum
338 1772 494 1846 ‘canibus
517 1787 581 1845 aut
604 1772 708 1845 hircis
731 1785 990 1845 consuescant:
1018 1781 1170 1869 γυναῖκας
1189 1773 1315 1846 σονού·

104 1932 164 1984 σας
192 1913 257 1984 τοῖς
285 1907 319 1986 ἐξ
346 1906 502 2003 ἀκρασίας
529 1907 582 1976 καί
610 1904 800 2000 φιληδονίας
827 1905 1035 2001 κεκραμένοις
1063 1903 1178 1999 ὥσπερ
1211 1904 1343 1973 κυσί·-Ι

104 2036 127 2130 ἢ
155 2035 293 2132 τράγοις.

161 2161 271 2234 Canis
298 2163 398 2257 apud
421 2161 591 2257 antiquos
609 2160 734 2256 imago
753 2173 810 2232 est
827 2157 1075 2254 impudentiae
1094 2171 1133 2229 et
1150 2159 1343 2254 saepiu?

102 2317 244 2365 summo
273 2317 356 2365 cum
384 2277 599 2387 contemptu
627 2293 675 2363 ab
703 2290 743 2364 iis
770 2289 984 2362 nominatur.
1027 2286 1088 2360 Sic
1107 2286 1179 2359 iam
1199 2285 1334 2384 apurl

103 2425 307 2496 Homerum
334 2423 508 2519 legimus:
536 2423 621 2495 κύων
649 2423 805 2520 ἀναιδής,
832 2420 916 2491 κύων
946 2420 1058 2516 ἀδεής.
1113 2417 1165 2490 Cf.
1193 2418 1315 2492 Arist.

102 2555 201 2628 Nub.
229 2561 315 2647 489.
370 2556 514 2629 Eodem
550 2578 661 2627 sensu
697 2552 799 2647 apud
837 2561 1001 2621 nostrum
1036 2572 1123 2642 pag.
1159 2572 1227 2639 133
1261 2551 1306 2621 B.

102 2685 322 2760 invenimus:
350 2690 386 2759 τύ
413 2689 536 2758 κυνικὸν
563 2693 629 2757 τῶν
657 2685 807 2782 ὀρέξεων.
838 2677 890 2751 Cf.
919 2676 1029 2749 etiam
1048 2702 1137 2772 pag.
1158 2683 1230 2751 601
1257 2681 1299 2751 E.

153 2813 467 2892 Ὑπαικάλλειν
495 2829 533 2888 et
560 2816 832 2905 ῦποσαίνειν,
860 2809 1047 2881 vocabula
1072 2808 1221 2903 proprie
1251 2812 1298 2882 de

101 2975 185 3018 caue
210 2948 323 3033 dicta,
351 2973 499 3021 sensum
526 2943 699 3019 adulandi
725 2941 880 3013 induunt
906 2963 993 3033 pag.
1012 2960 1085 3031 530
1100 2939 1158 3025 E„
1188 2945 1235 3033 65
1260 2940 1298 3013 C.

156 3077 459 3174 Ἑέολακτεῖν,
498 3080 659 3170 latrare,
696 3074 743 3145 de
779 3068 984 3143 hominibus
1021 3067 1151 3140 dicitur
1186 3093 1300 3143 sensu

103 3207 297 3281 invehendi
331 3209 365 3281 in
394 3209 550 3306 aliquem
587 3231 675 3303 pag.
715 3227 762 3294 39
793 3202 852 3287 Β.,
889 3200 924 3270 in
952 3198 1027 3272 vita
1054 3197 1161 3270 Arati
1189 3224 1220 3271 c.
1253 3223 1299 3293 50

102 3362 191 3433 pag.
228 3359 323 3431 1050
349 3339 388 3413 C.

25 3488 28 3496 ’
154 3468 276 3565 Saepe
297 3494 408 3543 canes
428 3496 511 3544 cum
530 3471 666 3542 latratu
682 3460 846 3536 homines
860 3471 1141 3551 persequuntur.
1183 3459 1297 3532 Unde

103 3597 258 3692 scriptor
284 3599 481 3697 imaginem
509 3598 636 3696 petivit
662 3618 750 3691 pag·
774 3609 842 3682 551
864 3583 921 3656 C.:
949 3591 983 3657 αἱ
1001 3586 1185 3668 δικαιώσεις
1204 3594 1296 3670 κυνὸς

103 3727 195 3825 δίκην
224 3733 462 3827 ἐφυλακτοῦσαι
489 3725 769 3805 κατακολουθοῦσι
795 3725 861 3794 τοῖς
889 3715 1132 3811 ἁμαρτήμασιν.

155 3858 246 3952 Pag.
275 3864 323 3934 68
352 3862 398 3933 D.
437 3886 520 3934 cum
548 3856 702 3931 canibus
737 3842 883 3944 ignavis
911 3839 1053 3914 confert
1079 3865 1146 3916 eos
1172 3845 1236 3940 qui
1264 3846 1297 3917 in

105 4009 230 4058 mensa
267 4002 407 4063 tantum
445 3991 559 4063 libere
594 3988 643 4060 λιν
854 3985 860 3992 ’
967 3983 1036 4055 tnt,
1072 3972 1159 4044 dum
1188 3975 1301 4061 SObrfi
